1850 2917
220 139 352 194 T.1.1v11
369 143 423 192 Lm
436 139 524 192 xxx
543 143 605 195 cn.
617 150 658 194 eo
725 145 776 194 css

102 273 238 322 concitatam
254 275 327 325 remis,
346 281 428 336 quanto
445 275 544 322 maximo
560 276 645 338 impetu
661 281 774 338 poterent,

101 340 126 384 i‘n
149 346 232 385 terrum
253 355 302 384 cum
324 340 476 394 immisissent,
498 341 563 388 navis
581 348 668 387 tontum
686 338 777 404 jacturh

101 401 170 458 iactis,
183 403 306 450 incolumes
316 404 358 465 ipsi
369 412 494 451 evaserunt.
530 404 568 451 Its
576 405 620 452 alio
633 420 700 467 super
714 405 775 452 aliud

103 469 189 515 scelere
200 483 251 514 oum
262 466 393 515 hauddubie
403 469 499 517 inducie
510 477 582 531 ruptae
592 477 673 523 essent,
688 468 776 516 Laelius

103 531 244 592 Fulviusque
260 533 288 578 ah
302 531 378 580 Romi
392 548 443 579 cum
460 534 541 596 legetis
553 532 775 595 Carthaginiensibus

104 603 295 658 supervenerunt:
315 599 395 658 quihus
415 598 496 659 Scipio,
516 599 596 645 “Etsi
613 613 658 644 nou
674 598 775 644 inducia·

103 675 156 708 rum
175 662 243 708 modo
259 661 313 708 fides
330 661 581 733 sCarthcginiensibus,
599 663 639 710 sed
650 665 689 725 jus
706 662 774 712 etiem
833 700 835 706 ,

102 726 207 788 gentium
223 726 247 771 in
263 727 343 788 legatis
359 727 466 773 violatum
483 735 556 785 esset;
578 735 653 774 umen
670 743 698 774 se·
710 728 776 780 nihil,

102 803 146 836 nec
156 791 265 836 institutis
275 792 351 852 populi
365 791 463 838 Romani
480 807 522 838 nee
536 793 581 838 suis
591 793 689 839 moribus
699 792 776 854 indig-

102 869 166 908 num,
179 855 202 900 in
213 855 240 901 iis
249 854 360 902 facturum
371 855 446 910 esse,’'
464 871 515 901 cum
530 857 638 913 dixisset;
649 857 730 918 legetis
741 856 776 902 dia

105 919 187 972 missis,
200 920 281 966 bellum
292 921 388 980 parabat.
424 919 546 966 Hannibali
556 923 604 982 jem
617 928 683 968 terrae
694 935 775 983 appro-

103 985 221 1045 pinquanti
228 985 305 1045 jussus
316 1001 329 1030 e
340 984 434 1031 nauticis
448 999 506 1030 unus
517 986 637 1032 escendere
646 987 670 1031 in
681 986 773 1039 malum,

103 1055 130 1094 ut
140 1049 298 1110 specularetur,
315 1065 382 1108 quam
400 1056 503 1095 tenerent
517 1052 638 1111 regionem,
658 1065 709 1096 cum
723 1049 774 1096 dix-

100 1113 165 1166 isset,
176 1114 300 1174 sepulcrum
308 1114 404 1159 dirutum
413 1129 502 1174 proram
511 1122 617 1176 spectare,
625 1115 773 1166 abominatus,

102 1178 237 1238 praetervehi
243 1179 309 1238 jusso
319 1179 474 1238 gubernatore,
488 1179 516 1223 tul
523 1177 614 1240 Leptim
622 1179 706 1240 appulit
717 1178 774 1224 clas·

101 1257 159 1294 sem,
172 1248 239 1301 atque
246 1242 275 1287 ibi
287 1243 361 1303 copies
371 1242 481 1303 exposuit.

136 1303 235 1352 XXVI.
255 1305 315 1352 Haec
334 1323 362 1352 eo
383 1321 442 1352 anno
458 1304 577 1370 inAfrici
592 1315 663 1369 gesta·
707 1305 774 1354 inse·

102 1371 195 1430 quentis
205 1371 316 1417 excedunt
333 1371 355 1415 in
372 1386 423 1417 cum
441 1385 531 1424 annum,
550 1387 595 1431 quo
612 1372 649 1418 Μ.
664 1372 772 1418 Serv-ilius

103 1435 224 1488 Geminus,
248 1436 285 1496 qui
304 1441 352 1482 tum
372 1435 479 1496 magister
497 1436 596 1495 equitum
617 1443 672 1488 erat,
692 1442 716 1480 et
731 1435 773 1480 Tu

100 1497 212 1546 Claudius
228 1499 292 1546 Nero
309 1499 471 1546 consulesfecti
482 1507 541 1546 sunt.
577 1498 699 1552 Caeterum,
709 1500 774 1545 exitu

102 1563 223 1624 superioris
234 1566 286 1610 anni
295 1579 346 1610 cum
354 1565 422 1625 legati
430 1564 540 1610 sociarum
549 1565 635 1611 urbium
644 1577 672 1610 ex
681 1561 773 1610 Graecih

101 1627 177 1688 questi
188 1635 268 1682 essent,
285 1636 383 1675 vastatos
394 1644 461 1690 agros
471 1631 499 1675 ab
510 1629 576 1691 regiis
586 1627 701 1690 praesidiis,
718 1643 773 1690 pro-

100 1691 218 1752 fectosque
233 1693 256 1737 in
268 1693 424 1740 Macedoniam
440 1693 527 1754 legatos
546 1693 623 1739 adres
640 1693 770 1756 repetendas

101 1767 149 1802 non
156 1756 264 1802 admissos
271 1758 299 1803 sd
307 1757 433 1818 Philippum
441 1773 533 1818 regem:
548 1757 614 1804 simul
622 1755 771 1810 nuntiissent,

101 1827 198 1881 quatuor
208 1821 276 1868 millis
287 1823 381 1867 militum
393 1837 443 1868 cum
456 1823 551 1883 Sopatro
565 1823 623 1868 duce
639 1823 730 1883 trajecto
746 1823 770 1868 in

101 1884 204 1931 Africam
219 1885 268 1939 dici,
288 1893 312 1931 ut
328 1893 403 1932 essent
422 1885 643 1948 Carthaginiensibus
658 1886 773 1948 priesidios

100 1956 125 1996 et
132 1949 233 2010 pecuniae
242 1951 377 2010 aliquantum
386 1948 431 1996 uni
437 1951 529 1996 missum
534 1967 542 2007 ;
553 1951 641 2011 legatos
649 1951 677 1996 ad
684 1966 769 2012 regem,

100 2016 140 2074 qul
151 2015 200 2059 haec
211 2015 317 2060 adversus
327 2015 400 2062 foedus
410 2015 470 2061 iacta
479 2015 549 2061 videri
563 2014 666 2061 Patribus
681 2014 772 2061 nuntie-

101 2081 160 2130 rent,
173 2079 293 2124 mittendos
301 2081 387 2125 censuit
398 2088 495 2126 senatus.
531 2079 598 2125 Missi
610 2078 638 2126 C.
650 2079 771 2126 Terentius

101 2141 185 2196 Varro,
210 2141 237 2190 C·
256 2143 378 2196 Mamilius,
402 2143 438 2189 M.
458 2144 579 2190 Aurelius:
597 2143 625 2189 iis
641 2151 687 2190 tres
704 2145 772 2204 quin·

102 2221 220 2267 queremes
238 2208 303 2253 datae.
338 2209 420 2254 Annus
438 2209 534 2270 insignis
552 2208 654 2254 incendio
675 2208 770 2268 ingenti,

101 2287 148 2332 quo
160 2269 238 2317 Clivus
250 2271 362 2318 Publicius
373 2273 401 2318 'ad
412 2273 484 2318 solum
495 2281 588 2319 exustus
604 2280 644 2326 est,
663 2280 687 2318 et
703 2286 771 2332 aqua-

100 2351 152 2381 rum
162 2335 328 2396 magnitudine:
348 2337 387 2382 sed
406 2351 501 2382 annonoe
517 2338 592 2384 vilitas
607 2337 657 2390 fuit,
676 2343 771 2398 praeter·

100 2413 169 2460 quam
181 2400 242 2460 quod
252 2415 306 2461 pace
321 2401 393 2446 omnis
406 2400 471 2447 Italia
480 2409 528 2447 erat
538 2409 620 2462 aperta,
632 2403 698 2448 etiem
709 2401 770 2460 quoti

99 2463 707 2576 iiliiullmlhm‘il·⁶¹o¹ll¹³³¹¹³hm³⁵⁵³th
719 2464 772 2576 li*

256 2545 269 2574 e
320 2560 325 2573 .
359 2544 420 2575 arus
479 2545 538 2574 eoae
568 2545 637 2576 escu
672 2546 697 2576 es
756 2555 770 2567 -

98 2593 169 2640 ternis
188 2593 239 2638 ceris
258 2593 347 2639 vicatim
366 2593 448 2654 populo
467 2593 639 2654 descripsenrnt.
678 2545 768 2641 them

94 2671 159 2706 suno
175 2656 208 2715 Q,
223 2655 305 2706 Fabius
315 2657 437 2716 ,Maximus
454 2657 557 2711 moritur,
575 2665 661 2706 exacte
678 2657 768 2728 etatis,
