1850 2917
196 147 224 196 T.
238 145 326 196 LIVII
343 148 395 194 Lm.
409 145 495 195 XXX.
516 144 576 196 Car.
592 150 630 195 10.
701 149 751 195 869
792 216 797 220 „

81 261 204 340 conspecta
214 278 290 326 classis
297 278 395 324 hostium
407 285 447 332 est,
461 276 554 324 Uticam
566 239 703 338 Carthagine
712 242 762 338 pe:

3 335 9 363 ³
80 351 141 389 tens.
177 341 258 404 Igitur,
277 343 359 388 omisso
370 358 444 404 opere,
461 343 628 404 pronuntiatum
639 343 688 394 iter,
704 343 752 403 sig·

80 418 157 468 traque
171 408 251 468 raptim
262 406 314 453 ferri
325 415 377 453 sunt
388 414 474 468 coepta:
494 422 524 452 ne
538 421 613 460 naves,
630 407 654 451 in
669 413 760 452 tenum-

80 477 104 516 et
120 471 258 518 obsidionem
273 487 351 524 versae,
369 487 395 518 ac
410 471 503 517 minime
513 471 584 517 navah
594 471 674 532 proelio
684 476 750 531 aptae,

81 534 272 596 opprimerentur:
293 537 330 596 qui
340 537 399 582 enim
415 536 547 582 restitissent
557 535 610 596 agili
625 541 648 580 et
662 535 753 580 nautico

80 599 232 646 instrumento
248 608 306 661 aptae
321 607 344 646 et
360 607 451 646 armatae
469 600 532 646 classi
548 615 623 652 naves,
642 606 753 645 tormenta

2 683 6 689 ·
80 665 241 724 machinasque
256 667 376 726 portantes,
393 672 417 711 et
432 666 508 710 autin
523 665 672 710 onerariarum
686 671 753 709 usum

79 743 162 781 versae,
181 737 219 774 aut
234 730 266 775 ita
280 729 377 790 appulsae
392 729 420 774 ad
432 743 516 782 muros,
533 736 559 774 ut
574 744 614 790 pro
628 743 712 789 aggere
726 742 753 774 ac

78 793 187 854 pontibus
201 794 299 854 praebere
315 793 434 840 adscensus
448 793 557 855 possent?
573 791 654 852 Itaque
669 792 753 853 scipio

3 872 7 882 ¹
79 863 237 916 contraquam
249 859 271 902 in
283 858 355 903 navali
366 859 486 904 certamine
497 858 561 909 solet,
579 859 686 908 rostratis,
701 871 752 916 quae

0 930 4 941 '¹
80 921 187 982 praesidio
202 922 249 968 aliis
266 937 314 967 esse
328 929 437 982 poterant,
455 923 479 967 in
489 930 623 983 postremam
635 921 705 966 aciem
716 927 756 966 re-'

4 1021 5 1025 ,
80 985 154 1044 ceptis
169 1001 238 1046 prope
257 993 345 1038 terram,
364 986 512 1032 onerariarum
531 985 695 1046 quadruplicem
715 1000 753 1031 or·-

81 1049 158 1095 dinem
172 1065 213 1110 pro
228 1065 292 1095 muro
309 1051 414 1096 adversus
432 1052 519 1096 hostem
537 1051 653 1111 opposuit:
672 1064 754 1110 easque

79 1113 149 1174 ipsas,
167 1127 196 1159 ne
209 1114 233 1158 in
248 1115 343 1160 tumultu
359 1129 443 1176 pugnae
457 1114 539 1160 turbari
554 1115 642 1159 ordines
652 1123 756 1174 possent,

2 1179 6 1204 '³
81 1177 148 1222 malis
159 1179 305 1238 antennisque
316 1179 343 1224 de
354 1193 410 1224 nave
421 1179 443 1223 in
454 1193 535 1224 navem
550 1177 654 1240 trajectis,
672 1193 698 1223 ac
712 1192 753 1223 va·

79 1241 133 1286 lidis
147 1240 237 1288 funibus
248 1243 309 1288 velut
320 1256 364 1288 uno
375 1243 433 1288 inter
444 1257 468 1288 se
479 1243 568 1288 vinculo
579 1243 677 1303 illigatis,
689 1257 754 1288 com-

0 1319 3 1328 ·
80 1305 184 1366 prendit:
207 1307 334 1366 tabulasque
353 1307 527 1368 superinstravit,
549 1314 575 1352 ut
592 1308 693 1369 pervium
712 1323 755 1353 ογ.-

81 1369 157 1415 dinem
173 1369 270 1416 iaceret:
290 1377 313 1416 et
327 1371 367 1416 sub
381 1371 433 1431 ipsis
448 1372 552 1432 pontibus
562 1371 677 1425 intervalla
686 1370 753 1425 iecit,-

79 1431 126 1494 quir
134 1449 263 1494 procurrere
274 1435 425 1496 speculatoriae
436 1439 505 1480 n'aves
515 1436 539 1480 in
549 1435 645 1487 hostem,
663 1451 688 1480 ac
700 1442 750 1481 tuto

1 1513 3 1520 ·
80 1498 150 1559 recipi
166 1507 264 1559 possent.
300 1497 345 1545 His
361 1499 439 1560 raptim
455 1514 496 1560 pro
512 1506 612 1559 tempore
627 1499 748 1552 instructis,

79 1562 144 1608 mille
153 1561 224 1608 ferme
234 1563 312 1608 delecti
322 1570 498 1624 propugnatores
512 1564 617 1610 onerariis
631 1563 751 1624 imponun-

80 1634 132 1674 tur:
153 1627 255 1680 telorum,
267 1629 363 1674 maxime
373 1626 497 1680 missilium,
515 1634 547 1680 ut,
566 1628 666 1688 quamvis
680 1628 751 1690 longo

81 1691 211 1744 certamine,
234 1691 365 1744 sufficerent,
388 1692 422 1738 vis
440 1692 521 1753 ingens
539 1693 693 1752 congeritur..
714 1691 754 1738 Itu

80 1755 153 1816 parati
164 1763 230 1815 atque
244 1756 322 1802 intenti
334 1757 430 1801 hostium
441 1757 561 1802 adventurn
573 1757 755 1818 opperiebantur.t

80 1818 288 1881 Carthaginienses,
301 1820 345 1880 qui,
359 1821 376 1864 si
387 1819 549 1880 maturissent,
558 1822 632 1866 omnia
642 1821 752 1880 permixta

80 1881 147 1942 trirbd
161 1883 316 1945 trepidantium
330 1884 402 1944 primo
416 1885 501 1945 impetu
517 1885 683 1945 oppressissent,
701 1897 754 1945 per-³

81 1947 139 1993 culsi
150 1949 289 1993 terrestribus
300 1948 403 2001 cladibus,
422 1956 489 2007 atque
501 1949 554 1994 inde
564 1963 593 1994 ne
603 1950 626 1993 in
636 1949 692 1993 mari
702 1949 752 2008 qui-

81 2011 141 2064 dem,
160 2013 197 2056 uhi
212 2012 253 2072 ipsi
268 2013 317 2073 plus
332 2019 440 2072 poterant,
459 2013 513 2060 satis
522 2012 622 2064 fidentes,
639 2012 674 2057 die
685 2027 755 2074 segne

81 2076 226 2136 navigatione
241 2077 349 2129 absumta,
368 2077 408 2122 rub
424 2091 527 2122 occasum
547 2077 600 2122 solis
618 2077 640 2121 in
659 2084 753 2138 portum*

81 2139 227 2204 (Ruscinona
235 2139 286 2186 Afri
296 2139 387 2200 vocant)
400 2141 470 2186 classe
480 2139 595 2203 appulere:
614 2149 704 2201 postero
714 2141 753 2189 uie

80 2205 123 2249 sub
143 2210 217 2249 ortum
235 2204 287 2249 solis
304 2202 429 2250 instmxdre
446 2207 474 2251 ab
488 2207 533 2250 alto
550 2220 624 2257 naves,
642 2205 754 2250 velutad

74 2269 165 2330 justum
180 2269 283 2328 proelium
299 2269 382 2322 navale,
401 2277 423 2316 et
439 2277 550 2329 tamquam
565 2269 656 2315 exituris
666 2268 752 2314 ‘contra

79 2331 200 2378 Romanis.
236 2330 295 2379 Cum
311 2333 348 2378 diu
363 2333 483 2385 stetissent,
501 2342 617 2394 postquam
632 2334 688 2378 nihil
700 2345 752 2378 moi

77 2397 127 2442 seri
139 2397 167 2442 ab
181 2397 281 2442 hostibus
296 2396 405 2449 viderunt,
423 2403 471 2442 tum
486 2397 574 2442 deinum
586 2399 697 2443 onerarias
707 2411 751 2458 ag-

77 2460 220 2522 grediuntur.
239 2460 296 2506 Erat
307 2475 342 2506 res
353 2461 445 2506 minime
455 2462 569 2506 certamini
580 2462 652 2508 navali
663 2462 749 2514 similis,

75 2525 181 2587 proxime
192 2524 286 2584 speciem
298 2539 373 2569 muros
384 2524 560 2584 oppugnantium
572 2527 673 2572 navium‘
705 2525 754 2571 Al-

76 2587 174 2634 titudr'ne
184 2589 320 2648 aliquantum
332 2588 439 2633 onerariae
450 2588 595 2647 superabant:
609 2604 638 2635 ex
649 2590 756 2641 rostratis*

75 2651 146 2701 Poeni
161 2667 219 2700 vana
232 2652 337 2714 pleraque
348 2652 436 2713 (utpote
448 2651 528 2712 supino
535 2650 610 2712 Jactu)
622 2654 666 2702 tela
676 2654 700 2699 ia
711 2664 751 2698 su-
