1850 2917
200 142 634 201 fflvnnnxxmnmo.
708 143 755 198 ros·

11 285 12 288 ’
87 283 215 346 Magonm,
232 283 277 328 nisi
293 281 411 329 &anctos
426 297 469 329 suo
484 283 550 337 bello,
568 283 617 329 sine
631 281 754 329 mumius

84 350 190 396 adirem
205 349 331 394 uentum
345 348 462 410 potuine?
479 348 602 402 Quomodo
616 355 690 396 antem
705 361 753 392 uon

84 415 199 466 obffitissra
217 412 604 474 autabtergosemumfntoemt
621 420 653 464 ut,
671 411 754 473 sipro-

80 480 158 533 libere,
176 477 352 538 quominusin
368 477 751 524 uuumcoirentettlocesetex-

83 545 161 589 ercitus
177 543 288 596 bostirnn,
305 556 351 587 non
368 550 452 604 posset,
469 544 518 604 ipse
535 551 596 589 certe
615 557 666 588 cum
683 540 754 587 fratre

81 745 167 798 pom:
186 735 414 789 etiudermdnoete,
428 737 513 798 ignaris
526 738 635 790 hostibus,
650 743 674 783 et
688 736 717 781 ob
730 735 755 782 id

82 803 165 862 quietis
178 802 319 861 abqrrantum
331 815 435 847 enensus
449 810 484 848 est
493 803 543 848 iter.
578 801 649 854 Luce,
665 808 691 846 ut
702 816 765 864 sen-⁸

80 875 155 914 serunt
173 865 291 928 profectos
309 867 392 918 hostes,
412 867 533 926 premissis
551 866 665 919 Numidis,
686 881 754 926 quam

79 939 181 993 poteraut
195 931 297 976 maxime
306 931 374 976 dato
384 931 475 992 agmine
486 932 547 992 sequi
558 941 688 993 coeperunt:
701 937 755 977 ante

79 1004 167 1042 noctem
184 995 283 1042 assecuti
303 994 418 1047 Numidas,
437 1010 497 1042 nune
514 998 542 1042 ab
557 1003 630 1058 tergo,
650 1010 711 1042 nunc
728 997 752 1041 in

79 1062 146 1108 latera
164 1061 315 1106 incursantes.
348 1057 480 1107 consistere
497 1069 620 1123 οιιερετιιιιι,
641 1076 666 1107 ae
686 1061 753 1107 tutari

79 1141 169 1187 agmen,
189 1132 300 1186 quantum
318 1132 425 1185 possent;
445 1132 527 1179 tamen,
549 1123 622 1188 [tuto]
642 1133 666 1171 ut
686 1127 753 1173 simul

79 1197 207 1253 pugnarent
223 1189 420 1250 procederentque,
438 1190 514 1252 Scipio
529 1191 664 1245 hortabatur,
681 1191 755 1253 prius-

11 1261 13 1320 ᾖ
78 1271 144 1316 quam
155 1255 275 1317 pedestres
285 1255 356 1314 copiae
366 1264 545 1315 assequerentur.

108 1318 238 1366 XXXVI.
251 1317 366 1366 Caeterum
378 1333 437 1365 nunc
445 1321 540 1381 agendo,
553 1335 613 1366 nuuc
622 1321 752 1368 sustinendo

78 1400 168 1447 agmen,
185 1399 239 1430 cum
254 1383 387 1444 aliquamdiu
403 1384 461 1431 baud
477 1385 572 1431 multum
586 1388 751 1447 procederetur,

78 1457 100 1496 et
112 1464 162 1496 uox
173 1450 225 1511 jam
236 1448 337 1500 instaret,
349 1455 439 1495 revocat
449 1465 462 1495 e
472 1451 553 1511 proelio
563 1465 616 1496 suos
628 1451 716 1513 Scipio:
730 1458 754 1497 et

11 1543 12 1580 p
79 1515 188 1561 collectos
207 1514 233 1558 in
249 1513 360 1558 tumulum
378 1513 504 1573 quemdam,
524 1529 570 1561 non
589 1515 678 1575 quidem
698 1515 753 1562 satis

11 1613 12 1618 ι
78 1587 152 1626 mmm
162 1577 302 1642 (praesertim
312 1578 396 1639 agmini
406 1576 530 1640 perculso),
541 1579 656 1626 editiorem
667 1588 751 1634 temeri,

79 1659 144 1705 quam
163 1650 249 1690 caetera
262 1643 321 1688 circa
335 1649 405 1695 erant,
422 1643 530 1690 subducit.
566 1643 600 1690 Ili
614 1645 694 1707 primo,
710 1646 754 1690 im-

11 1743 12 1772 3
79 1709 214 1771 pedimentis
225 1715 250 1753 et
260 1707 358 1767 equitatu
368 1708 392 1752 in
401 1707 498 1754 medium
509 1710 610 1771 receptis,
623 1710 754 1756 circumdati

11 1779 13 1814 ι
80 1775 165 1835 pedites
180 1772 242 1819 baud
256 1771 373 1818 difficulter
386 1772 483 1834 impetus
496 1774 657 1821 incursantium
668 1775 753 1821 Numi-

11 1827 12 1876 l
80 1838 157 1884 darum
174 1838 295 1884 arcebant:
313 1836 373 1890 dein,
391 1845 511 1898 postquam
530 1846 579 1885 toto
598 1840 688 1902 agmine
707 1846 753 1886 tres

79 1903 228 1965 imperatores
239 1915 291 1948 cum
302 1902 372 1948 tribus
382 1902 449 1964 justis
460 1904 593 1950 exercitibus
603 1904 701 1956 aderant,
714 1919 754 1964 ap-

11 2011 12 2016 ,
78 1969 220 2029 petebatque,
233 1981 311 2028 parum
322 1967 390 2013 armis
400 1967 428 2013 ad
439 1968 547 2014 tuendum
558 1968 632 2014 locum
643 1969 691 2014 sine
702 1983 753 2014 mu-

11 2031 12 2076 l
79 2033 181 2080 nirnento
195 2032 304 2079 valituros
316 2046 379 2089 esse;
396 2032 580 2094 circumspectare
590 2040 658 2093 etque
668 2034 754 2096 agitare

11 2133 12 2136 ,
78 2097 123 2144 dux
134 2097 213 2159 ooepit,
223 2097 297 2156 siquo
304 2095 371 2141 modo
381 2104 457 2158 posset
467 2098 550 2143 valum
562 2097 749 2161 circuminjicere:

11 2173 13 2206 ι
80 2163 117 2208 sed
132 2169 183 2209 erat
199 2161 256 2208 adeo
274 2161 346 2207 nudus
361 2162 460 2207 tumulus
476 2169 500 2208 et
513 2164 584 2224 asperi
601 2163 649 2217 soli,
668 2172 692 2210 ut
709 2180 752 2212 nec

11 2229 12 2278 t
80 2228 177 2290 virgulta
187 2226 248 2274 vallo
255 2224 368 2280 caedendo,
379 2241 420 2272 nec
428 2233 488 2273 terra
498 2227 583 2288 caespiti
592 2227 701 2282 faciendo,
713 2238 753 2276 aut
834 2261 839 2271 .

11 2285 12 2340 ἶ
81 2291 188 2338 ducendae
199 2291 275 2343 lossae,
293 2290 358 2337 aliive
369 2291 407 2336 ulli
422 2292 483 2353 operi
494 2300 546 2353 apta
553 2293 649 2339 inveniri
659 2302 750 2354 posset:

81 2372 120 2404 nec
132 2354 213 2403 naturi
224 2355 344 2416 quidquam
357 2356 410 2402 satis
420 2357 514 2403 arduum
525 2364 564 2403 aut
574 2357 684 2404 abscisum
695 2367 750 2414 erat,

81 2422 138 2481 quod
152 2422 213 2467 lrosti
229 2419 313 2467 editum
329 2421 490 2468 adscensumue
503 2422 614 2468 difficilem
628 2424 751 2484 praeberet3

81 2487 155 2532 omnia
165 2485 256 2548 fastigio
267 2485 312 2530 leni
324 2487 427 2532 subvexs.
465 2485 500 2532 Ut
510 2493 586 2532 tamea
593 2487 689 2546 aliquam
697 2489 754 2536 ima.

11 2565 12 2570 ¹
82 2553 157 2612 ginem
168 2551 222 2598 valli
233 2550 360 2612 objicerent,
370 2551 463 2597 clitellas
473 2551 569 2613 illigatas
580 2551 690 2610 oneribus,
704 2556 753 2600 vel.

84 2625 106 2661 ut
122 2623 235 2664 struentes
252 2615 281 2662 ad
297 2615 435 2661 altitudinem
453 2615 548 2666 solitam,
574 2613 753 2674 circumdabant;

83 2683 170 2730 cumulo
182 2681 320 2732 sarcinarum
331 2680 404 2728 omnis
414 2680 505 2742 generis
515 2679 610 2738 obiecto,
619 2676 656 2723 ubi
666 2677 755 2724 admo-
