<?xml version="1.0" encoding="UTF-8"?>
<!DOCTYPE html PUBLIC "-//W3C//DTD XHTML 1.0 Transitional//EN"
    "http://www.w3.org/TR/xhtml1/DTD/xhtml1-transitional.dtd">
<html xmlns="http://www.w3.org/1999/xhtml" xml:lang="en" lang="en">
 <head>
  <title>
</title>
<meta http-equiv="Content-Type" content="text/html;charset=utf-8" />
  <meta name='ocr-system' content='tesseract 3.04.00' />
  <meta name='ocr-capabilities' content='ocr_page ocr_carea ocr_par ocr_line ocrx_word'/>
</head>
<body>
  <div class='ocr_page' id='page_1' title='image "./tliviipatavinih03caregoog_0151.png"; bbox 0 0 1850 2917; ppageno 0'>
   <div class='ocr_carea' id='block_1_1' title="bbox 192 153 745 214">
    <p class='ocr_par' dir='ltr' id='par_1_1' title="bbox 192 153 745 214">
     <span class='ocr_line' id='line_1_1' title="bbox 192 153 745 214; baseline -0.004 -5"><span class='ocrx_word' id='word_1_1' title='bbox 192 157 392 212; x_wconf 81' lang='lat' dir='ltr'><strong>T.L1V11Lrs.</strong></span> <span class='ocrx_word' id='word_1_2' title='bbox 405 159 503 212; x_wconf 75' lang='lat' dir='ltr'><strong>xxvi</strong></span> <span class='ocrx_word' id='word_1_3' title='bbox 523 155 633 214; x_wconf 64' lang='lat' dir='ltr'><strong>canai.</strong></span> <span class='ocrx_word' id='word_1_4' title='bbox 701 153 745 208; x_wconf 77' lang='lat' dir='ltr'><strong>isi</strong></span> 
     </span>
    </p>
   </div>
   <div class='ocr_carea' id='block_1_2' title="bbox 81 285 750 485">
    <p class='ocr_par' dir='ltr' id='par_1_2' title="bbox 81 285 750 485">
     <span class='ocr_line' id='line_1_2' title="bbox 81 285 750 355; baseline 0 -17"><span class='ocrx_word' id='word_1_5' title='bbox 81 285 204 338; x_wconf 70' lang='lat' dir='ltr'><strong>aurinand</strong></span> <span class='ocrx_word' id='word_1_6' title='bbox 221 291 359 347; x_wconf 73' lang='lat' dir='ltr'>seditionem,</span> <span class='ocrx_word' id='word_1_7' title='bbox 377 307 443 355; x_wconf 81' lang='lat' dir='ltr'><strong>quam</strong></span> <span class='ocrx_word' id='word_1_8' title='bbox 458 294 551 348; x_wconf 74' lang='grc' dir='ltr'>ιυίωιιι,</span> <span class='ocrx_word' id='word_1_9' title='bbox 569 293 651 340; x_wconf 81' lang='lat' dir='ltr'><strong>deerat.</strong></span> <span class='ocrx_word' id='word_1_10' title='bbox 685 289 750 338; x_wconf 83' lang='lat' dir='ltr'><strong>latet</strong></span> 
     </span>
     <span class='ocr_line' id='line_1_3' title="bbox 82 355 749 421; baseline 0.001 -20"><span class='ocrx_word' id='word_1_11' title='bbox 82 355 122 401; x_wconf 79' lang='lat' dir='ltr'><strong>has</strong></span> <span class='ocrx_word' id='word_1_12' title='bbox 141 355 292 410; x_wconf 79' lang='lat' dir='ltr'><strong>difficultates,</strong></span> <span class='ocrx_word' id='word_1_13' title='bbox 316 358 353 404; x_wconf 76' lang='lat' dir='ltr'><strong>M.</strong></span> <span class='ocrx_word' id='word_1_14' title='bbox 371 357 490 406; x_wconf 85' lang='lat' dir='ltr'><strong>Cornelius</strong></span> <span class='ocrx_word' id='word_1_15' title='bbox 510 365 594 421; x_wconf 75' lang='lat' dir='ltr'><strong>praetor</strong></span> <span class='ocrx_word' id='word_1_16' title='bbox 612 364 636 404; x_wconf 90' lang='lat' dir='ltr'><strong>et</strong></span> <span class='ocrx_word' id='word_1_17' title='bbox 654 356 749 402; x_wconf 84' lang='lat' dir='ltr'><strong>militum</strong></span> 
     </span>
     <span class='ocr_line' id='line_1_4' title="bbox 81 420 748 485; baseline 0.001 -20"><span class='ocrx_word' id='word_1_18' title='bbox 81 420 176 472; x_wconf 80' lang='lat' dir='ltr'><strong>animos,</strong></span> <span class='ocrx_word' id='word_1_19' title='bbox 188 435 250 467; x_wconf 82' lang='lat' dir='ltr'><strong>nuno</strong></span> <span class='ocrx_word' id='word_1_20' title='bbox 265 423 407 476; x_wconf 86' lang='lat' dir='ltr'><strong>consolando,</strong></span> <span class='ocrx_word' id='word_1_21' title='bbox 425 437 485 469; x_wconf 84' lang='lat' dir='ltr'><strong>nune</strong></span> <span class='ocrx_word' id='word_1_22' title='bbox 501 422 637 485; x_wconf 79' lang='lat' dir='ltr'><strong>castigando,</strong></span> <span class='ocrx_word' id='word_1_23' title='bbox 656 420 748 474; x_wconf 61' lang='lat' dir='ltr'><strong>mvii,</strong></span> 
     </span>
    </p>
   </div>
   <div class='ocr_carea' id='block_1_3' title="bbox 75 483 751 1642">
    <p class='ocr_par' dir='ltr' id='par_1_3' title="bbox 78 483 751 723">
     <span class='ocr_line' id='line_1_5' title="bbox 79 483 750 547; baseline 0 -18"><span class='ocrx_word' id='word_1_24' title='bbox 79 491 103 529; x_wconf 90' lang='lat' dir='ltr'><strong>et</strong></span> <span class='ocrx_word' id='word_1_25' title='bbox 117 485 228 538; x_wconf 75' lang='lat' dir='ltr'><strong>civitates,</strong></span> <span class='ocrx_word' id='word_1_26' title='bbox 238 501 323 540; x_wconf 84' lang='lat' dir='ltr'><strong>omnes,</strong></span> <span class='ocrx_word' id='word_1_27' title='bbox 340 501 391 547; x_wconf 80' lang='lat' dir='ltr'><strong>quse</strong></span> <span class='ocrx_word' id='word_1_28' title='bbox 405 487 537 541; x_wconf 80' lang='lat' dir='ltr'><strong>deiecerant,</strong></span> <span class='ocrx_word' id='word_1_29' title='bbox 548 488 572 532; x_wconf 91' lang='lat' dir='ltr'><strong>in</strong></span> <span class='ocrx_word' id='word_1_30' title='bbox 583 486 688 532; x_wconf 84' lang='lat' dir='ltr'><strong>ditionem</strong></span> <span class='ocrx_word' id='word_1_31' title='bbox 700 483 750 529; x_wconf 85' lang='lat' dir='ltr'><strong>red-</strong></span> 
     </span>
     <span class='ocr_line' id='line_1_6' title="bbox 78 548 750 613; baseline -0.001 -18"><span class='ocrx_word' id='word_1_32' title='bbox 78 549 141 610; x_wconf 81' lang='lat' dir='ltr'><strong>egit:</strong></span> <span class='ocrx_word' id='word_1_33' title='bbox 168 557 237 611; x_wconf 86' lang='lat' dir='ltr'><strong>atque</strong></span> <span class='ocrx_word' id='word_1_34' title='bbox 258 563 287 596; x_wconf 84' lang='lat' dir='ltr'><strong>ex</strong></span> <span class='ocrx_word' id='word_1_35' title='bbox 309 551 344 596; x_wconf 88' lang='lat' dir='ltr'><strong>his</strong></span> <span class='ocrx_word' id='word_1_36' title='bbox 361 551 516 613; x_wconf 73' lang='lat' dir='ltr'><strong>Murgantiam</strong></span> <span class='ocrx_word' id='word_1_37' title='bbox 536 551 651 612; x_wconf 80' lang='lat' dir='ltr'><strong>Hispanis,</strong></span> <span class='ocrx_word' id='word_1_38' title='bbox 671 548 750 609; x_wconf 65' lang='lat' dir='ltr'><strong>qudeim</strong></span> 
     </span>
     <span class='ocr_line' id='line_1_7' title="bbox 79 612 751 723; baseline -0.001 -63"><span class='ocrx_word' id='word_1_39' title='bbox 79 614 131 723; x_wconf 56' lang='lat' dir='ltr'><strong>prpe</strong></span> <span class='ocrx_word' id='word_1_40' title='bbox 153 629 255 676; x_wconf 80' lang='lat' dir='ltr'><strong>agerque</strong></span> <span class='ocrx_word' id='word_1_41' title='bbox 275 615 399 670; x_wconf 84' lang='lat' dir='ltr'><strong>debebatur,</strong></span> <span class='ocrx_word' id='word_1_42' title='bbox 419 618 448 662; x_wconf 79' lang='lat' dir='ltr'><strong>e&#39;x</strong></span> <span class='ocrx_word' id='word_1_43' title='bbox 467 615 670 664; x_wconf 78' lang='lat' dir='ltr'><strong>senatis-consulto</strong></span> <span class='ocrx_word' id='word_1_44' title='bbox 687 612 751 660; x_wconf 74' lang='lat' dir='ltr'><strong>attri-</strong></span> 
     </span>
    </p>

    <p class='ocr_par' dir='ltr' id='par_1_4' title="bbox 75 741 751 1642">
     <span class='ocr_line' id='line_1_8' title="bbox 112 741 750 806; baseline -0.003 -17"><span class='ocrx_word' id='word_1_45' title='bbox 112 741 203 789; x_wconf 81' lang='lat' dir='ltr'><strong>xxll.</strong></span> <span class='ocrx_word' id='word_1_46' title='bbox 223 741 343 798; x_wconf 80' lang='lat' dir='ltr'><strong>Consules,</strong></span> <span class='ocrx_word' id='word_1_47' title='bbox 355 759 406 791; x_wconf 82' lang='lat' dir='ltr'><strong>oum</strong></span> <span class='ocrx_word' id='word_1_48' title='bbox 417 746 482 791; x_wconf 86' lang='lat' dir='ltr'><strong>ambo</strong></span> <span class='ocrx_word' id='word_1_49' title='bbox 493 745 597 806; x_wconf 75' lang='lat' dir='ltr'><strong>Apuliam</strong></span> <span class='ocrx_word' id='word_1_50' title='bbox 613 741 750 805; x_wconf 79' lang='lat' dir='ltr'><strong>provinciam</strong></span> 
     </span>
     <span class='ocr_line' id='line_1_9' title="bbox 78 806 751 872; baseline 0.001 -21"><span class='ocrx_word' id='word_1_51' title='bbox 78 807 196 860; x_wconf 79' lang='lat' dir='ltr'><strong>haherent,</strong></span> <span class='ocrx_word' id='word_1_52' title='bbox 209 807 327 870; x_wconf 87' lang='lat' dir='ltr'><strong>minusque</strong></span> <span class='ocrx_word' id='word_1_53' title='bbox 337 811 385 872; x_wconf 81' lang='lat' dir='ltr'><strong>jam</strong></span> <span class='ocrx_word' id='word_1_54' title='bbox 402 810 492 855; x_wconf 85' lang='lat' dir='ltr'><strong>terroris</strong></span> <span class='ocrx_word' id='word_1_55' title='bbox 506 824 519 856; x_wconf 82' lang='lat' dir='ltr'><strong>a</strong></span> <span class='ocrx_word' id='word_1_56' title='bbox 532 809 610 855; x_wconf 73' lang='lat' dir='ltr'><strong>Poenis</strong></span> <span class='ocrx_word' id='word_1_57' title='bbox 625 816 648 854; x_wconf 90' lang='lat' dir='ltr'><strong>et</strong></span> <span class='ocrx_word' id='word_1_58' title='bbox 659 806 751 854; x_wconf 82' lang='lat' dir='ltr'><strong>Hanni·</strong></span> 
     </span>
     <span class='ocr_line' id='line_1_10' title="bbox 75 869 751 934; baseline -0.001 -17"><span class='ocrx_word' id='word_1_59' title='bbox 75 871 128 917; x_wconf 81' lang='lat' dir='ltr'><strong>itele</strong></span> <span class='ocrx_word' id='word_1_60' title='bbox 138 879 209 925; x_wconf 75' lang='lat' dir='ltr'><strong>esset,</strong></span> <span class='ocrx_word' id='word_1_61' title='bbox 222 869 295 917; x_wconf 88' lang='lat' dir='ltr'><strong>sortiri</strong></span> <span class='ocrx_word' id='word_1_62' title='bbox 302 873 361 934; x_wconf 85' lang='lat' dir='ltr'><strong>jussi</strong></span> <span class='ocrx_word' id='word_1_63' title='bbox 371 874 476 934; x_wconf 81' lang='lat' dir='ltr'><strong>Apuliam</strong></span> <span class='ocrx_word' id='word_1_64' title='bbox 488 873 687 933; x_wconf 80' lang='lat' dir='ltr'><strong>Macedoniamque</strong></span> <span class='ocrx_word' id='word_1_65' title='bbox 697 885 751 933; x_wconf 89' lang='lat' dir='ltr'><strong>pro-</strong></span> 
     </span>
     <span class='ocr_line' id='line_1_11' title="bbox 79 935 749 999; baseline 0 -17"><span class='ocrx_word' id='word_1_66' title='bbox 79 936 172 982; x_wconf 81' lang='lat' dir='ltr'><strong>vincias.</strong></span> <span class='ocrx_word' id='word_1_67' title='bbox 211 935 310 997; x_wconf 88' lang='lat' dir='ltr'><strong>Sulpicio</strong></span> <span class='ocrx_word' id='word_1_68' title='bbox 328 937 461 984; x_wconf 79' lang='lat' dir='ltr'><strong>Macedonia</strong></span> <span class='ocrx_word' id='word_1_69' title='bbox 477 939 559 991; x_wconf 83' lang='lat' dir='ltr'><strong>evenit,</strong></span> <span class='ocrx_word' id='word_1_70' title='bbox 576 939 639 999; x_wconf 87' lang='lat' dir='ltr'><strong>isque</strong></span> <span class='ocrx_word' id='word_1_71' title='bbox 652 935 749 982; x_wconf 81' lang='lat' dir='ltr'><strong>Laerino</strong></span> 
     </span>
     <span class='ocr_line' id='line_1_12' title="bbox 78 999 750 1054; baseline 0 -8"><span class='ocrx_word' id='word_1_72' title='bbox 78 1000 196 1046; x_wconf 67' lang='lat' dir='ltr'><strong>necessit.</strong></span> <span class='ocrx_word' id='word_1_73' title='bbox 234 999 334 1054; x_wconf 80' lang='lat' dir='ltr'><strong>Frdrius,</strong></span> <span class='ocrx_word' id='word_1_74' title='bbox 355 1001 452 1048; x_wconf 84' lang='lat' dir='ltr'><strong>Romam</strong></span> <span class='ocrx_word' id='word_1_75' title='bbox 470 1003 610 1049; x_wconf 79' lang='lat' dir='ltr'><strong>comitiormn</strong></span> <span class='ocrx_word' id='word_1_76' title='bbox 628 999 695 1048; x_wconf 73' lang='lat' dir='ltr'><strong>causi</strong></span> <span class='ocrx_word' id='word_1_77' title='bbox 712 1014 750 1046; x_wconf 84' lang='lat' dir='ltr'><strong>sr-</strong></span> 
     </span>
     <span class='ocr_line' id='line_1_13' title="bbox 80 1065 749 1129; baseline 0 -17"><span class='ocrx_word' id='word_1_78' title='bbox 80 1065 184 1117; x_wconf 76' lang='lat' dir='ltr'><strong>oessitus,</strong></span> <span class='ocrx_word' id='word_1_79' title='bbox 206 1079 258 1110; x_wconf 89' lang='lat' dir='ltr'><strong>curn</strong></span> <span class='ocrx_word' id='word_1_80' title='bbox 277 1066 366 1112; x_wconf 83' lang='lat' dir='ltr'><strong>comitia</strong></span> <span class='ocrx_word' id='word_1_81' title='bbox 384 1066 511 1113; x_wconf 79' lang='lat' dir='ltr'><strong>consuhisrs</strong></span> <span class='ocrx_word' id='word_1_82' title='bbox 530 1067 633 1129; x_wconf 84' lang='lat' dir='ltr'><strong>rogandis</strong></span> <span class='ocrx_word' id='word_1_83' title='bbox 650 1066 749 1119; x_wconf 62' lang='lat' dir='ltr'><strong>habam,</strong></span> 
     </span>
     <span class='ocr_line' id='line_1_14' title="bbox 80 1128 750 1192; baseline 0.001 -18"><span class='ocrx_word' id='word_1_84' title='bbox 80 1129 234 1190; x_wconf 79' lang='lat' dir='ltr'><strong>praerogativa</strong></span> <span class='ocrx_word' id='word_1_85' title='bbox 244 1128 338 1176; x_wconf 87' lang='lat' dir='ltr'><strong>Veturia</strong></span> <span class='ocrx_word' id='word_1_86' title='bbox 344 1131 458 1192; x_wconf 81' lang='lat' dir='ltr'><strong>Juniorum</strong></span> <span class='ocrx_word' id='word_1_87' title='bbox 469 1131 586 1177; x_wconf 74' lang='lat' dir='ltr'><strong>declaravit</strong></span> <span class='ocrx_word' id='word_1_88' title='bbox 596 1128 625 1176; x_wconf 89' lang='lat' dir='ltr'><strong>T.</strong></span> <span class='ocrx_word' id='word_1_89' title='bbox 637 1129 750 1176; x_wconf 77' lang='lat' dir='ltr'><strong>Manlium</strong></span> 
     </span>
     <span class='ocr_line' id='line_1_15' title="bbox 82 1193 750 1255; baseline 0.001 -16"><span class='ocrx_word' id='word_1_90' title='bbox 82 1193 225 1254; x_wconf 84' lang='lat' dir='ltr'><strong>Torquatum</strong></span> <span class='ocrx_word' id='word_1_91' title='bbox 239 1199 262 1239; x_wconf 88' lang='lat' dir='ltr'><strong>et</strong></span> <span class='ocrx_word' id='word_1_92' title='bbox 272 1193 301 1239; x_wconf 87' lang='lat' dir='ltr'><strong>T.</strong></span> <span class='ocrx_word' id='word_1_93' title='bbox 313 1193 439 1240; x_wconf 84' lang='lat' dir='ltr'><strong>Otacilium.</strong></span> <span class='ocrx_word' id='word_1_94' title='bbox 475 1194 581 1248; x_wconf 86' lang='lat' dir='ltr'><strong>Manlius,</strong></span> <span class='ocrx_word' id='word_1_95' title='bbox 597 1195 633 1255; x_wconf 90' lang='lat' dir='ltr'><strong>qui</strong></span> <span class='ocrx_word' id='word_1_96' title='bbox 651 1207 750 1255; x_wconf 75' lang='lat' dir='ltr'><strong>presens</strong></span> 
     </span>
     <span class='ocr_line' id='line_1_16' title="bbox 79 1257 749 1320; baseline 0 -16"><span class='ocrx_word' id='word_1_97' title='bbox 79 1265 134 1311; x_wconf 68' lang='lat' dir='ltr'><strong>erat</strong></span> <span class='ocrx_word' id='word_1_98' title='bbox 146 1258 276 1320; x_wconf 82' lang='lat' dir='ltr'><strong>gratulandi</strong></span> <span class='ocrx_word' id='word_1_99' title='bbox 291 1257 357 1304; x_wconf 73' lang='lat' dir='ltr'><strong>causi</strong></span> <span class='ocrx_word' id='word_1_100' title='bbox 372 1273 422 1305; x_wconf 86' lang='lat' dir='ltr'><strong>eum</strong></span> <span class='ocrx_word' id='word_1_101' title='bbox 439 1260 502 1305; x_wconf 82' lang='lat' dir='ltr'><strong>turba</strong></span> <span class='ocrx_word' id='word_1_102' title='bbox 518 1260 595 1312; x_wconf 82' lang='lat' dir='ltr'><strong>eoiret,</strong></span> <span class='ocrx_word' id='word_1_103' title='bbox 613 1273 655 1304; x_wconf 85' lang='lat' dir='ltr'><strong>nee</strong></span> <span class='ocrx_word' id='word_1_104' title='bbox 671 1257 749 1304; x_wconf 82' lang='lat' dir='ltr'><strong>dubius</strong></span> 
     </span>
     <span class='ocr_line' id='line_1_17' title="bbox 80 1319 750 1384; baseline -0.001 -15"><span class='ocrx_word' id='word_1_105' title='bbox 80 1331 139 1369; x_wconf 84' lang='lat' dir='ltr'><strong>esset</strong></span> <span class='ocrx_word' id='word_1_106' title='bbox 149 1337 276 1369; x_wconf 83' lang='lat' dir='ltr'><strong>consensus</strong></span> <span class='ocrx_word' id='word_1_107' title='bbox 290 1323 371 1384; x_wconf 90' lang='lat' dir='ltr'><strong>populi,</strong></span> <span class='ocrx_word' id='word_1_108' title='bbox 387 1322 469 1384; x_wconf 77' lang='lat' dir='ltr'><strong>magni</strong></span> <span class='ocrx_word' id='word_1_109' title='bbox 485 1323 631 1370; x_wconf 82' lang='lat' dir='ltr'><strong>circumfusus</strong></span> <span class='ocrx_word' id='word_1_110' title='bbox 645 1319 710 1369; x_wconf 81' lang='lat' dir='ltr'><strong>turbis</strong></span> <span class='ocrx_word' id='word_1_111' title='bbox 721 1321 750 1368; x_wconf 84' lang='lat' dir='ltr'><strong>sd</strong></span> 
     </span>
     <span class='ocr_line' id='line_1_18' title="bbox 80 1387 751 1451; baseline 0.003 -19"><span class='ocrx_word' id='word_1_112' title='bbox 80 1387 177 1433; x_wconf 81' lang='lat' dir='ltr'><strong>tribamal</strong></span> <span class='ocrx_word' id='word_1_113' title='bbox 188 1388 287 1433; x_wconf 81' lang='lat' dir='ltr'><strong>consulis</strong></span> <span class='ocrx_word' id='word_1_114' title='bbox 297 1387 374 1442; x_wconf 78' lang='lat' dir='ltr'><strong>venit3</strong></span> <span class='ocrx_word' id='word_1_115' title='bbox 390 1388 495 1449; x_wconf 87' lang='lat' dir='ltr'><strong>petitque,</strong></span> <span class='ocrx_word' id='word_1_116' title='bbox 509 1396 534 1434; x_wconf 92' lang='lat' dir='ltr'><strong>ut</strong></span> <span class='ocrx_word' id='word_1_117' title='bbox 548 1403 618 1451; x_wconf 84' lang='lat' dir='ltr'><strong>pauca</strong></span> <span class='ocrx_word' id='word_1_118' title='bbox 632 1401 672 1433; x_wconf 82' lang='lat' dir='ltr'><strong>sus</strong></span> <span class='ocrx_word' id='word_1_119' title='bbox 683 1388 751 1434; x_wconf 77' lang='lat' dir='ltr'><strong>verbs</strong></span> 
     </span>
     <span class='ocr_line' id='line_1_19' title="bbox 81 1451 750 1513; baseline -0.001 -15"><span class='ocrx_word' id='word_1_120' title='bbox 81 1451 175 1504; x_wconf 83' lang='lat' dir='ltr'><strong>audiret,</strong></span> <span class='ocrx_word' id='word_1_121' title='bbox 192 1453 364 1512; x_wconf 77' lang='lat' dir='ltr'><strong>centuriamque,</strong></span> <span class='ocrx_word' id='word_1_122' title='bbox 376 1467 426 1512; x_wconf 84' lang='lat' dir='ltr'><strong>quae</strong></span> <span class='ocrx_word' id='word_1_123' title='bbox 439 1453 527 1499; x_wconf 89' lang='lat' dir='ltr'><strong>tulisset</strong></span> <span class='ocrx_word' id='word_1_124' title='bbox 537 1451 673 1513; x_wconf 74' lang='lat' dir='ltr'><strong>suffragium,</strong></span> <span class='ocrx_word' id='word_1_125' title='bbox 685 1466 750 1497; x_wconf 77' lang='lat' dir='ltr'><strong>revo-</strong></span> 
     </span>
     <span class='ocr_line' id='line_1_20' title="bbox 83 1514 749 1578; baseline -0.003 -16"><span class='ocrx_word' id='word_1_126' title='bbox 83 1516 125 1562; x_wconf 81' lang='lat' dir='ltr'><strong>osri</strong></span> <span class='ocrx_word' id='word_1_127' title='bbox 141 1517 240 1578; x_wconf 82' lang='lat' dir='ltr'><strong>juberet.</strong></span> <span class='ocrx_word' id='word_1_128' title='bbox 275 1515 363 1562; x_wconf 76' lang='lat' dir='ltr'><strong>Erectis</strong></span> <span class='ocrx_word' id='word_1_129' title='bbox 378 1517 479 1562; x_wconf 90' lang='lat' dir='ltr'><strong>omnibus</strong></span> <span class='ocrx_word' id='word_1_130' title='bbox 495 1517 667 1578; x_wconf 72' lang='lat' dir='ltr'><strong>exspectatione,</strong></span> <span class='ocrx_word' id='word_1_131' title='bbox 685 1514 749 1574; x_wconf 58' lang='lat' dir='ltr'><strong>qnid:</strong></span> 
     </span>
     <span class='ocr_line' id='line_1_21' title="bbox 85 1580 750 1642; baseline -0.003 -16"><span class='ocrx_word' id='word_1_132' title='bbox 85 1595 134 1626; x_wconf 85' lang='lat' dir='ltr'><strong>nam</strong></span> <span class='ocrx_word' id='word_1_133' title='bbox 144 1580 299 1642; x_wconf 71' lang='lat' dir='ltr'><strong>postulaturus</strong></span> <span class='ocrx_word' id='word_1_134' title='bbox 309 1587 375 1634; x_wconf 86' lang='lat' dir='ltr'><strong>esset,</strong></span> <span class='ocrx_word' id='word_1_135' title='bbox 387 1581 501 1627; x_wconf 85' lang='lat' dir='ltr'><strong>oculorum</strong></span> <span class='ocrx_word' id='word_1_136' title='bbox 517 1581 666 1628; x_wconf 78' lang='lat' dir='ltr'><strong>valetudinem</strong></span> <span class='ocrx_word' id='word_1_137' title='bbox 681 1593 750 1625; x_wconf 85' lang='lat' dir='ltr'><strong>excu-</strong></span> 
     </span>
    </p>
   </div>
   <div class='ocr_carea' id='block_1_4' title="bbox 8 1642 751 1706">
    <p class='ocr_par' dir='ltr' id='par_1_5' title="bbox 8 1642 751 1706">
     <span class='ocr_line' id='line_1_22' title="bbox 8 1642 751 1706; baseline -0.001 -15"><span class='ocrx_word' id='word_1_138' title='bbox 8 1647 9 1666; x_wconf 68' lang='lat'>³</span> <span class='ocrx_word' id='word_1_139' title='bbox 85 1645 148 1691; x_wconf 76' lang='lat' dir='ltr'><strong>sarit.</strong></span> <span class='ocrx_word' id='word_1_140' title='bbox 187 1651 203 1672; x_wconf 91' lang='grc'>“</span> <span class='ocrx_word' id='word_1_141' title='bbox 215 1642 370 1706; x_wconf 82' lang='lat' dir='ltr'><strong>impudentem</strong></span> <span class='ocrx_word' id='word_1_142' title='bbox 381 1651 404 1691; x_wconf 86' lang='lat' dir='ltr'><strong>et</strong></span> <span class='ocrx_word' id='word_1_143' title='bbox 414 1647 583 1706; x_wconf 81' lang='lat' dir='ltr'><strong>gubernatorem</strong></span> <span class='ocrx_word' id='word_1_144' title='bbox 598 1652 621 1691; x_wconf 89' lang='lat' dir='ltr'><strong>et</strong></span> <span class='ocrx_word' id='word_1_145' title='bbox 631 1645 751 1706; x_wconf 82' lang='lat' dir='ltr'><strong>imperato·</strong></span> 
     </span>
    </p>
   </div>
   <div class='ocr_carea' id='block_1_5' title="bbox 85 1708 758 2738">
    <p class='ocr_par' dir='ltr' id='par_1_6' title="bbox 85 1708 758 2738">
     <span class='ocr_line' id='line_1_23' title="bbox 85 1708 748 1771; baseline -0.002 -16"><span class='ocrx_word' id='word_1_146' title='bbox 85 1723 130 1755; x_wconf 85' lang='lat' dir='ltr'><strong>rem</strong></span> <span class='ocrx_word' id='word_1_147' title='bbox 141 1723 200 1762; x_wconf 81' lang='lat' dir='ltr'><strong>esse,</strong></span> <span class='ocrx_word' id='word_1_148' title='bbox 209 1708 254 1769; x_wconf 90' lang='lat' dir='ltr'><strong>qui,</strong></span> <span class='ocrx_word' id='word_1_149' title='bbox 266 1723 317 1755; x_wconf 86' lang='lat' dir='ltr'><strong>cum</strong></span> <span class='ocrx_word' id='word_1_150' title='bbox 325 1709 401 1755; x_wconf 85' lang='lat' dir='ltr'><strong>alienis</strong></span> <span class='ocrx_word' id='word_1_151' title='bbox 409 1711 479 1756; x_wconf 85' lang='lat' dir='ltr'><strong>oculis</strong></span> <span class='ocrx_word' id='word_1_152' title='bbox 489 1711 509 1757; x_wconf 84' lang='lat' dir='ltr'><strong>ei</strong></span> <span class='ocrx_word' id='word_1_153' title='bbox 520 1711 595 1756; x_wconf 87' lang='lat' dir='ltr'><strong>omnia</strong></span> <span class='ocrx_word' id='word_1_154' title='bbox 602 1709 688 1771; x_wconf 77' lang='lat' dir='ltr'><strong>agenda</strong></span> <span class='ocrx_word' id='word_1_155' title='bbox 696 1709 748 1768; x_wconf 79' lang='lat' dir='ltr'><strong>sint,</strong></span> 
     </span>
     <span class='ocr_line' id='line_1_24' title="bbox 85 1773 747 1835; baseline -0.003 -16"><span class='ocrx_word' id='word_1_156' title='bbox 85 1774 183 1835; x_wconf 87' lang='lat' dir='ltr'><strong>postulet</strong></span> <span class='ocrx_word' id='word_1_157' title='bbox 200 1773 241 1818; x_wconf 88' lang='lat' dir='ltr'><strong>sibi</strong></span> <span class='ocrx_word' id='word_1_158' title='bbox 259 1773 351 1819; x_wconf 81' lang='lat' dir='ltr'><strong>aliorum</strong></span> <span class='ocrx_word' id='word_1_159' title='bbox 372 1773 442 1835; x_wconf 86' lang='lat' dir='ltr'><strong>capita</strong></span> <span class='ocrx_word' id='word_1_160' title='bbox 460 1789 488 1821; x_wconf 84' lang='lat' dir='ltr'><strong>ac</strong></span> <span class='ocrx_word' id='word_1_161' title='bbox 506 1773 606 1821; x_wconf 79' lang='lat' dir='ltr'><strong>fortunas</strong></span> <span class='ocrx_word' id='word_1_162' title='bbox 625 1773 747 1820; x_wconf 82' lang='lat' dir='ltr'><strong>committi:</strong></span> 
     </span>
     <span class='ocr_line' id='line_1_25' title="bbox 86 1836 751 1900; baseline -0.005 -16"><span class='ocrx_word' id='word_1_163' title='bbox 86 1838 185 1900; x_wconf 82' lang='lat' dir='ltr'><strong>proinde,</strong></span> <span class='ocrx_word' id='word_1_164' title='bbox 201 1836 349 1890; x_wconf 85' lang='lat' dir='ltr'><strong>sivideretur,</strong></span> <span class='ocrx_word' id='word_1_165' title='bbox 365 1845 387 1884; x_wconf 89' lang='lat' dir='ltr'><strong>et</strong></span> <span class='ocrx_word' id='word_1_166' title='bbox 404 1839 475 1885; x_wconf 85' lang='lat' dir='ltr'><strong>redire</strong></span> <span class='ocrx_word' id='word_1_167' title='bbox 489 1839 514 1884; x_wconf 87' lang='lat' dir='ltr'><strong>in</strong></span> <span class='ocrx_word' id='word_1_168' title='bbox 533 1837 661 1900; x_wconf 76' lang='lat' dir='ltr'><strong>suffragiim</strong></span> <span class='ocrx_word' id='word_1_169' title='bbox 677 1836 751 1883; x_wconf 87' lang='lat' dir='ltr'><strong>Vetu-</strong></span> 
     </span>
     <span class='ocr_line' id='line_1_26' title="bbox 88 1900 751 1965; baseline -0.006 -16"><span class='ocrx_word' id='word_1_170' title='bbox 88 1902 141 1949; x_wconf 79' lang='lat' dir='ltr'><strong>riam</strong></span> <span class='ocrx_word' id='word_1_171' title='bbox 147 1900 264 1964; x_wconf 87' lang='lat' dir='ltr'><strong>juniorum</strong></span> <span class='ocrx_word' id='word_1_172' title='bbox 274 1903 369 1965; x_wconf 84' lang='lat' dir='ltr'><strong>juberet.</strong></span> <span class='ocrx_word' id='word_1_173' title='bbox 384 1909 408 1948; x_wconf 83' lang='lat' dir='ltr'><strong>et</strong></span> <span class='ocrx_word' id='word_1_174' title='bbox 423 1902 566 1956; x_wconf 75' lang='lat' dir='ltr'><strong>meminisset,</strong></span> <span class='ocrx_word' id='word_1_175' title='bbox 586 1903 610 1948; x_wconf 93' lang='lat' dir='ltr'><strong>in</strong></span> <span class='ocrx_word' id='word_1_176' title='bbox 624 1901 751 1946; x_wconf 75' lang='lat' dir='ltr'><strong>oonsuirisus</strong></span> 
     </span>
     <span class='ocr_line' id='line_1_27' title="bbox 90 1963 752 2027; baseline -0.008 -14"><span class='ocrx_word' id='word_1_177' title='bbox 90 1966 194 2019; x_wconf 68' lang='lat' dir='ltr'><strong>sends,</strong></span> <span class='ocrx_word' id='word_1_178' title='bbox 212 1965 271 2019; x_wconf 87' lang='lat' dir='ltr'><strong>belli,</strong></span> <span class='ocrx_word' id='word_1_179' title='bbox 286 1966 346 2026; x_wconf 92' lang='lat' dir='ltr'><strong>quod</strong></span> <span class='ocrx_word' id='word_1_180' title='bbox 361 1967 384 2011; x_wconf 90' lang='lat' dir='ltr'><strong>in</strong></span> <span class='ocrx_word' id='word_1_181' title='bbox 396 1965 460 2014; x_wconf 73' lang='lat' dir='ltr'><strong>ltalia</strong></span> <span class='ocrx_word' id='word_1_182' title='bbox 475 1967 510 2020; x_wconf 87' lang='lat' dir='ltr'><strong>sit,</strong></span> <span class='ocrx_word' id='word_1_183' title='bbox 526 1975 694 2027; x_wconf 84' lang='lat' dir='ltr'><strong>temporumque</strong></span> <span class='ocrx_word' id='word_1_184' title='bbox 708 1963 752 2009; x_wconf 89' lang='lat' dir='ltr'><strong>rei·</strong></span> 
     </span>
     <span class='ocr_line' id='line_1_28' title="bbox 88 2028 752 2093; baseline -0.005 -17"><span class='ocrx_word' id='word_1_185' title='bbox 88 2031 187 2093; x_wconf 84' lang='lat' dir='ltr'><strong>publiooe.</strong></span> <span class='ocrx_word' id='word_1_186' title='bbox 224 2029 323 2076; x_wconf 85' lang='lat' dir='ltr'><strong>Vixdum</strong></span> <span class='ocrx_word' id='word_1_187' title='bbox 335 2028 445 2091; x_wconf 69' lang='lat' dir='ltr'><strong>requisisse</strong></span> <span class='ocrx_word' id='word_1_188' title='bbox 459 2046 523 2077; x_wconf 84' lang='lat' dir='ltr'><strong>aures</strong></span> <span class='ocrx_word' id='word_1_189' title='bbox 537 2045 551 2076; x_wconf 84' lang='lat' dir='ltr'><strong>a</strong></span> <span class='ocrx_word' id='word_1_190' title='bbox 565 2030 658 2091; x_wconf 84' lang='lat' dir='ltr'><strong>strepitu</strong></span> <span class='ocrx_word' id='word_1_191' title='bbox 675 2035 698 2075; x_wconf 90' lang='lat' dir='ltr'><strong>et</strong></span> <span class='ocrx_word' id='word_1_192' title='bbox 715 2036 752 2074; x_wconf 68' lang='lat' dir='ltr'><strong>tu‘-</strong></span> 
     </span>
     <span class='ocr_line' id='line_1_29' title="bbox 89 2092 754 2177; baseline -0.003 -37"><span class='ocrx_word' id='word_1_193' title='bbox 89 2092 754 2177; x_wconf 79' lang='lat' dir='ltr'><strong>multuhostili,·quopauoosantemenses[nssederint]prope</strong></span> 
     </span>
     <span class='ocr_line' id='line_1_30' title="bbox 91 2157 754 2218; baseline -0.002 -13"><span class='ocrx_word' id='word_1_194' title='bbox 91 2158 171 2205; x_wconf 81' lang='lat' dir='ltr'><strong>moeaia</strong></span> <span class='ocrx_word' id='word_1_195' title='bbox 181 2157 303 2204; x_wconf 79' lang='lat' dir='ltr'><strong>Romana&#39;</strong></span> <span class='ocrx_word' id='word_1_196' title='bbox 346 2157 402 2204; x_wconf 87' lang='lat' dir='ltr'><strong>Post</strong></span> <span class='ocrx_word' id='word_1_197' title='bbox 412 2159 461 2205; x_wconf 83' lang='lat' dir='ltr'><strong>haec</strong></span> <span class='ocrx_word' id='word_1_198' title='bbox 473 2175 524 2205; x_wconf 85' lang='lat' dir='ltr'><strong>cum</strong></span> <span class='ocrx_word' id='word_1_199' title='bbox 535 2159 634 2206; x_wconf 85' lang='lat' dir='ltr'><strong>centuria</strong></span> <span class='ocrx_word' id='word_1_200' title='bbox 647 2157 754 2218; x_wconf 79' lang='lat' dir='ltr'><strong>frequens</strong></span> 
     </span>
     <span class='ocr_line' id='line_1_31' title="bbox 92 2221 753 2277; baseline -0.005 -7"><span class='ocrx_word' id='word_1_201' title='bbox 92 2221 252 2276; x_wconf 76' lang='lat' dir='ltr'><strong>sueolsrnisset,</strong></span> <span class='ocrx_word' id='word_1_202' title='bbox 271 2230 286 2252; x_wconf 75' lang='lat'><strong>‘⁸</strong></span> <span class='ocrx_word' id='word_1_203' title='bbox 298 2223 353 2269; x_wconf 86' lang='lat' dir='ltr'><strong>nihil</strong></span> <span class='ocrx_word' id='word_1_204' title='bbox 366 2238 390 2269; x_wconf 86' lang='lat' dir='ltr'><strong>se</strong></span> <span class='ocrx_word' id='word_1_205' title='bbox 405 2231 492 2270; x_wconf 89' lang='lat' dir='ltr'><strong>mutare</strong></span> <span class='ocrx_word' id='word_1_206' title='bbox 508 2224 632 2277; x_wconf 83' lang='lat' dir='ltr'><strong>sententiae,</strong></span> <span class='ocrx_word' id='word_1_207' title='bbox 650 2223 753 2269; x_wconf 86' lang='lat' dir='ltr'><strong>eosdem-</strong></span> 
     </span>
     <span class='ocr_line' id='line_1_32' title="bbox 92 2285 754 2349; baseline -0.006 -15"><span class='ocrx_word' id='word_1_208' title='bbox 92 2303 133 2349; x_wconf 87' lang='lat' dir='ltr'><strong>que</strong></span> <span class='ocrx_word' id='word_1_209' title='bbox 143 2288 246 2333; x_wconf 83' lang='lat' dir='ltr'><strong>consules</strong></span> <span class='ocrx_word' id='word_1_210' title='bbox 257 2287 355 2333; x_wconf 85' lang='lat' dir='ltr'><strong>dicturos</strong></span> <span class='ocrx_word' id='word_1_211' title='bbox 365 2301 414 2334; x_wconf 84' lang='lat' dir='ltr'><strong>esse</strong></span> <span class='ocrx_word' id='word_1_212' title='bbox 422 2286 447 2344; x_wconf 85' lang='lat'><strong>;’&#39;</strong></span> <span class='ocrx_word' id='word_1_213' title='bbox 465 2294 512 2333; x_wconf 90' lang='lat' dir='ltr'><strong>tum</strong></span> <span class='ocrx_word' id='word_1_214' title='bbox 523 2287 658 2348; x_wconf 86' lang='lat' dir='ltr'><strong>Torquatus,</strong></span> <span class='ocrx_word' id='word_1_215' title='bbox 676 2293 692 2316; x_wconf 85' lang='lat'><strong>‘⁴</strong></span> <span class='ocrx_word' id='word_1_216' title='bbox 703 2285 754 2330; x_wconf 88' lang='lat' dir='ltr'><strong>Ne·</strong></span> 
     </span>
     <span class='ocr_line' id='line_1_33' title="bbox 93 2350 758 2413; baseline -0.003 -16"><span class='ocrx_word' id='word_1_217' title='bbox 93 2367 134 2413; x_wconf 87' lang='lat' dir='ltr'><strong>que</strong></span> <span class='ocrx_word' id='word_1_218' title='bbox 149 2367 193 2413; x_wconf 82' lang='lat' dir='ltr'><strong>ego</strong></span> <span class='ocrx_word' id='word_1_219' title='bbox 209 2350 322 2404; x_wconf 84' lang='lat' dir='ltr'><strong>vestros,’&#39;</strong></span> <span class='ocrx_word' id='word_1_220' title='bbox 339 2353 416 2412; x_wconf 89' lang='lat' dir='ltr'><strong>inquit,</strong></span> <span class='ocrx_word' id='word_1_221' title='bbox 436 2359 451 2382; x_wconf 89' lang='lat'>“</span> <span class='ocrx_word' id='word_1_222' title='bbox 462 2367 536 2398; x_wconf 84' lang='lat' dir='ltr'><strong>mores</strong></span> <span class='ocrx_word' id='word_1_223' title='bbox 546 2353 625 2398; x_wconf 86' lang='lat' dir='ltr'><strong>consul</strong></span> <span class='ocrx_word' id='word_1_224' title='bbox 638 2350 697 2396; x_wconf 86' lang='lat' dir='ltr'><strong>ferre</strong></span> <span class='ocrx_word' id='word_1_225' title='bbox 712 2364 758 2412; x_wconf 54' lang='lat' dir='ltr'><strong>pos</strong></span> 
     </span>
     <span class='ocr_line' id='line_1_34' title="bbox 92 2412 753 2476; baseline -0.005 -13"><span class='ocrx_word' id='word_1_226' title='bbox 92 2425 145 2469; x_wconf 85' lang='lat' dir='ltr'><strong>tero,</strong></span> <span class='ocrx_word' id='word_1_227' title='bbox 158 2431 231 2475; x_wconf 88' lang='lat' dir='ltr'><strong>neque</strong></span> <span class='ocrx_word' id='word_1_228' title='bbox 242 2431 283 2462; x_wconf 84' lang='lat' dir='ltr'><strong>vos</strong></span> <span class='ocrx_word' id='word_1_229' title='bbox 293 2416 408 2476; x_wconf 90' lang='lat' dir='ltr'><strong>imperium</strong></span> <span class='ocrx_word' id='word_1_230' title='bbox 419 2431 502 2462; x_wconf 87' lang='lat' dir='ltr'><strong>meum.</strong></span> <span class='ocrx_word' id='word_1_231' title='bbox 537 2416 620 2462; x_wconf 86' lang='lat' dir='ltr'><strong>Redite</strong></span> <span class='ocrx_word' id='word_1_232' title='bbox 632 2416 656 2460; x_wconf 91' lang='lat' dir='ltr'><strong>in</strong></span> <span class='ocrx_word' id='word_1_233' title='bbox 674 2412 753 2460; x_wconf 82' lang='lat' dir='ltr'><strong>suffra·</strong></span> 
     </span>
     <span class='ocr_line' id='line_1_35' title="bbox 94 2478 755 2543; baseline -0.005 -17"><span class='ocrx_word' id='word_1_234' title='bbox 94 2482 169 2543; x_wconf 66' lang='lat' dir='ltr'><strong>p&#39;um;</strong></span> <span class='ocrx_word' id='word_1_235' title='bbox 186 2487 210 2524; x_wconf 94' lang='lat' dir='ltr'><strong>et</strong></span> <span class='ocrx_word' id='word_1_236' title='bbox 220 2481 318 2542; x_wconf 81' lang='lat' dir='ltr'><strong>cogitate</strong></span> <span class='ocrx_word' id='word_1_237' title='bbox 327 2480 409 2526; x_wconf 87' lang='lat' dir='ltr'><strong>beilum</strong></span> <span class='ocrx_word' id='word_1_238' title='bbox 420 2479 531 2527; x_wconf 86' lang='lat' dir='ltr'><strong>Punicum</strong></span> <span class='ocrx_word' id='word_1_239' title='bbox 542 2482 564 2525; x_wconf 90' lang='lat' dir='ltr'><strong>in</strong></span> <span class='ocrx_word' id='word_1_240' title='bbox 577 2478 648 2532; x_wconf 77' lang='lat' dir='ltr'><strong>lolia,</strong></span> <span class='ocrx_word' id='word_1_241' title='bbox 663 2487 687 2525; x_wconf 91' lang='lat' dir='ltr'><strong>et</strong></span> <span class='ocrx_word' id='word_1_242' title='bbox 701 2479 755 2523; x_wconf 87' lang='lat' dir='ltr'><strong>hos·</strong></span> 
     </span>
     <span class='ocr_line' id='line_1_36' title="bbox 95 2543 755 2593; baseline -0.008 -2"><span class='ocrx_word' id='word_1_243' title='bbox 95 2547 146 2592; x_wconf 87' lang='lat' dir='ltr'><strong>tium</strong></span> <span class='ocrx_word' id='word_1_244' title='bbox 157 2545 235 2590; x_wconf 88' lang='lat' dir='ltr'><strong>duoem</strong></span> <span class='ocrx_word' id='word_1_245' title='bbox 253 2543 402 2590; x_wconf 85' lang='lat' dir='ltr'><strong>Hannibalem</strong></span> <span class='ocrx_word' id='word_1_246' title='bbox 421 2543 497 2590; x_wconf 82' lang='lat' dir='ltr'><strong>esse.”</strong></span> <span class='ocrx_word' id='word_1_247' title='bbox 529 2543 590 2590; x_wconf 89' lang='lat' dir='ltr'><strong>Tum</strong></span> <span class='ocrx_word' id='word_1_248' title='bbox 606 2543 712 2593; x_wconf 84' lang='lat' dir='ltr'><strong>centuria,</strong></span> <span class='ocrx_word' id='word_1_249' title='bbox 731 2549 755 2586; x_wconf 87' lang='lat' dir='ltr'><strong>et</strong></span> 
     </span>
     <span class='ocr_line' id='line_1_37' title="bbox 96 2605 753 2661; baseline -0.011 -6"><span class='ocrx_word' id='word_1_250' title='bbox 96 2610 222 2656; x_wconf 81' lang='lat' dir='ltr'><strong>auctoritate</strong></span> <span class='ocrx_word' id='word_1_251' title='bbox 236 2616 297 2654; x_wconf 81' lang='lat' dir='ltr'><strong>mota</strong></span> <span class='ocrx_word' id='word_1_252' title='bbox 310 2609 358 2661; x_wconf 87' lang='lat' dir='ltr'><strong>viri,</strong></span> <span class='ocrx_word' id='word_1_253' title='bbox 376 2615 399 2653; x_wconf 86' lang='lat' dir='ltr'><strong>et</strong></span> <span class='ocrx_word' id='word_1_254' title='bbox 415 2608 569 2654; x_wconf 85' lang='lat' dir='ltr'><strong>admirantium</strong></span> <span class='ocrx_word' id='word_1_255' title='bbox 585 2608 643 2652; x_wconf 84' lang='lat' dir='ltr'><strong>eirca</strong></span> <span class='ocrx_word' id='word_1_256' title='bbox 655 2605 753 2656; x_wconf 81' lang='lat' dir='ltr'><strong>fremitu,</strong></span> 
     </span>
     <span class='ocr_line' id='line_1_38' title="bbox 95 2665 757 2738; baseline -0.017 -16"><span class='ocrx_word' id='word_1_257' title='bbox 95 2675 146 2738; x_wconf 86' lang='lat' dir='ltr'><strong>petit</strong></span> <span class='ocrx_word' id='word_1_258' title='bbox 153 2675 271 2728; x_wconf 81' lang='lat' dir='ltr'><strong>sconsule,</strong></span> <span class='ocrx_word' id='word_1_259' title='bbox 281 2681 306 2720; x_wconf 94' lang='lat' dir='ltr'><strong>ut</strong></span> <span class='ocrx_word' id='word_1_260' title='bbox 314 2671 431 2718; x_wconf 84' lang='lat' dir='ltr'><strong>Veturiam</strong></span> <span class='ocrx_word' id='word_1_261' title='bbox 440 2672 552 2719; x_wconf 85' lang='lat' dir='ltr'><strong>seniorum</strong></span> <span class='ocrx_word' id='word_1_262' title='bbox 560 2671 648 2716; x_wconf 81' lang='lat' dir='ltr'><strong>citaret:</strong></span> <span class='ocrx_word' id='word_1_263' title='bbox 665 2675 681 2699; x_wconf 81' lang='lat'><strong>‘⁴</strong></span> <span class='ocrx_word' id='word_1_264' title='bbox 689 2665 757 2712; x_wconf 69' lang='lat' dir='ltr'><strong>velt·</strong></span> 
     </span>
    </p>
   </div>
   <div class='ocr_carea' id='block_1_6' title="bbox 0 0 939 2917">
    <p class='ocr_par' dir='ltr' id='par_1_7' title="bbox 0 0 939 2917">
     <span class='ocr_line' id='line_1_39' title="bbox 0 0 939 2917; baseline 0 0"><span class='ocrx_word' id='word_1_265' title='bbox 0 0 939 2917; x_wconf 95' lang='lat' dir='ltr'><strong> </strong></span> 
     </span>
    </p>
   </div>
  </div>
 </body>
</html>
