1850 2917
150 129 204 178 888
270 125 300 174 Τ.
314 123 402 174 LIVII
419 125 571 174 latr-XXX.
591 123 650 176 (ln.
664 127 707 175 πί

152 253 259 316 siquiden
268 263 396 310 verumest,
408 256 737 320 auguremduosetsexag‘mta
746 268 826 304 moe

151 317 228 374 luisse,
243 321 304 381 quod
320 321 409 381 quidam
426 329 527 368 auctores
544 328 604 366 sunt.
640 321 683 366 Vir
700 328 759 366 oerte
773 316 824 374 fuit

151 382 234 445 tlignus
245 393 308 432 tanto
319 385 461 446 cognomine,
479 386 516 432 vel
530 385 549 430 si
563 400 647 430 norum
657 386 686 430 ab
695 400 723 431 eo
733 385 822 445 incipe-

152 457 193 494 ret.
235 450 353 510 Superavit
374 457 478 510 paternos
496 451 599 502 honores,
619 450 693 496 avitos
712 450 815 510 aequeris.

151 510 257 562 Pluribus
272 515 370 560 victoriis
384 522 408 560 et
422 515 541 576 majoribtu
550 513 634 575 proeliis
650 529 707 559 avus
723 514 820 574 insignia

151 574 252 636 Rullus;
276 578 315 624 sed
336 580 410 625 omnia
431 594 520 639 aequrre
537 593 596 624 unus
614 579 686 623 hortis
704 577 822 624 Hunle

152 649 234 702 potest.
270 641 363 691 Cautior
375 651 450 690 tamen
467 658 533 704 quam
551 643 660 703 promtior
677 642 713 688 hie
731 643 823 698 habitus

148 703 204 754 fuit:
221 715 251 760 et,
264 707 320 752 sicut
329 707 421 760 dubites,
433 715 509 753 utrum
519 707 610 768 ingenio
620 706 820 762 cunctatorfuerit,

150 783 180 815 en
191 771 242 831 quia
252 772 283 818 iu
292 771 350 818 bello
360 771 455 833 proprie,
467 771 527 832 quod
540 779 588 816 tum
600 772 724 831 gerebatur,
741 779 823 832 sptum*

150 841 200 882 eret
206 852 214 893 ς
226 836 257 882 sic
266 836 320 882 nihil
326 836 407 882 certius
413 843 454 889 est,
462 851 529 896 quam
537 843 626 880 “unum
634 836 747 881 hominem
756 836 823 890 nobis

152 899 278 946 cunctando
290 915 336 946 rem
345 899 492 952 restituisse,”
505 900 563 946 sicut
573 899 663 945 Ennius
673 899 711 944 ait.
735 900 821 961 Augur

150 961 176 1009 iu
184 963 258 1009 locum
265 966 312 1026 ejus
320 965 463 1026 inauguratur
476 963 508 1017 Q,
519 964 601 1010 Fabius
609 963 732 1015 Maximus,
744 962 821 1021 filiun

151 1026 175 1074 ln
204 1028 289 1074 'usdem
303 1029 378 1074 locum
395 1027 495 1089 pontifex
513 1030 576 1091 (nam
591 1028 635 1073 duo
646 1028 770 1074 sacerdotia
780 1029 822 1075 lta-

151 1043 210 1151 batti
221 1093 268 1139 Ser.
279 1093 389 1154 Sulpicius
397 1092 476 1138 Galba.
500 1091 560 1138 Ludi
568 1091 666 1137 Romani
674 1092 733 1137 tlienr
740 1107 820 1145 unum,

152 1156 231 1217 plebeii
242 1164 276 1203 ter
290 1157 332 1202 toti
346 1157 461 1202 instaurati
477 1158 505 1202 eb
520 1156 625 1208 edilibus,
638 1155 674 1201 M.
687 1157 767 1202 Sextio
778 1158 822 1204 Sa-

152 1220 205 1267 bino
216 1229 238 1266 et
252 1218 295 1276 Cn.
307 1219 428 1267 Tremellio
437 1219 530 1267 Flacco:
544 1220 635 1266 iiunbo
642 1227 751 1280 praetores
758 1220 822 1278 secti,

150 1291 175 1334 et
186 1299 237 1330 cum
248 1286 276 1330 iis
287 1283 315 1332 C·
326 1283 407 1331 Livius
423 1285 533 1331 Solinator
543 1292 567 1330 et
578 1282 607 1332 C·
618 1284 724 1330 Aurelius
740 1283 819 1332 Costa.

153 1345 252 1402 Comitia
262 1350 310 1410 ejus
321 1349 372 1394 anni
384 1357 458 1395 utrum
470 1347 499 1397 C.
511 1349 617 1397 Servilim
625 1348 704 1395 consul
711 1350 822 1403 hebuerit,

150 1427 178 1460 an
191 1414 254 1476 (quie
264 1429 314 1460 eum
326 1413 395 1460 resin
406 1411 499 1460 Etrurii
508 1413 627 1465 tenuerint,
643 1413 782 1472 quaestiones
791 1428 822 1461 ex

150 1477 355 1524 renatus-consulto
366 1477 393 1524 de
404 1478 591 1540 conjurationibus
600 1477 725 1537 principum
737 1479 823 1524 liuben-

150 1540 208 1602 tem)
225 1543 319 1589 dictstor
332 1543 359 1588 ab
369 1558 396 1588 eo
406 1542 479 1588 dictus
490 1541 517 1587 P.
530 1541 647 1603 Sulpicius,
665 1542 778 1588 incertum
794 1551 826 1601 ut
923 1562 924 1617 p

151 1607 187 1659 rit,
200 1607 280 1654 diversi
295 1614 396 1652 auctores
406 1605 498 1652 faciunt.

183 1669 294 1718 XXVII.
314 1669 426 1731 Principio
436 1670 573 1730 insequentis
583 1669 642 1722 anni,
659 1667 695 1715 M.
711 1669 823 1718 &uilius
922 1666 923 1669 ¹

149 1743 173 1782 et
184 1733 221 1780 Ti.
233 1733 347 1788 Claudius,
361 1742 439 1780 senatu
449 1735 473 1779 in
482 1733 618 1795 Capitolium
628 1741 717 1787 vocato,
730 1735 761 1781 de
767 1751 822 1797 pro-

149 1799 228 1846 vinciis
243 1800 371 1846 retulerunt.
408 1797 495 1845 ltaliam
506 1806 573 1858 euque
584 1798 684 1846 Africum
698 1799 723 1846 in
733 1808 827 1848 rorem

150 1864 238 1926 conjici,
251 1863 350 1910 Africam
359 1864 424 1910 ambo
432 1863 552 1923 cupientes,
565 1863 683 1908 volebant:
701 1870 819 1918 eretemm,

152 1927 184 1982 Q.
192 1929 287 1976 Metello
295 1927 824 1990 maximemnitentenequedatanequenegata
921 1964 922 1985 ,

150 1999 186 2040 est
197 1993 280 2040 Africo·
316 1991 427 2041 Consules
434 1992 491 2053 jussi
502 2007 554 2037 cum
564 1992 657 2037 tribunis
665 1991 735 2052 plebis
743 2007 822 2054 agere,

151 2064 183 2110 ut,
196 2058 214 2102 si
230 2058 257 2103 iis
267 2057 385 2110 videretur,
402 2056 507 2118 populum
520 2063 631 2117 rogarent,
640 2071 707 2115 quem
718 2056 789 2104 vellet
798 2058 824 2103 in

151 2119 228 2168 Atrea
247 2121 327 2166 bellum
345 2136 429 2182 gerere
465 2119 552 2166 Omnes
562 2120 632 2165 tribus
648 2118 676 2164 P.
689 2120 821 2196 Scipionem

920 2076 922 2169 i

146 2186 269 2246 jusserunt.
296 2184 447 2230 Nihilominus
456 2184 559 2230 consules
568 2184 823 2244 provinciamAincnn
919 2226 920 2247 ,

149 2249 194 2357 qim
203 2249 263 2293 enim
275 2254 364 2294 senatus
375 2246 513 2307 decreverat)
528 2249 552 2293 in
567 2255 649 2294 sortem
665 2247 826 2311 conjecerunt,

173 2312 186 2355 i.
202 2309 297 2358 Claudio
311 2309 388 2356 Africa
406 2312 487 2364 evenit,
508 2320 534 2358 ut
551 2312 711 2374 quinquaginta
728 2314 824 2361 navium

150 2375 251 2428 classem,
265 2388 342 2419 omnes
358 2376 537 2435 quinqueremes,
553 2377 577 2421 in
588 2377 689 2423 Africam
699 2378 828 2440 trajiceret„

149 2438 240 2498 porique
250 2437 342 2496 imperio
358 2454 409 2484 cum
424 2440 529 2500 Scipione
542 2441 661 2501 imperator
676 2450 744 2487 essct.
780 2442 826 2500 M..

152 2500 258 2546 Servilius
272 2500 385 2547 Etruriam
402 2505 506 2550 sortitus:
528 2505 551 2550 in
570 2503 646 2566 miden
663 2504 782 2566 provinciis
798 2514 829 2564 et,
918 2526 919 2535 ¹

124 2606 126 2612 ,
155 2561 184 2610 C·
199 2563 292 2608 Servilio
302 2574 446 2628 prorogatum
463 2567 587 2629 imperium,
605 2570 624 2616 si
639 2571 756 2618 conulem
772 2585 823 2618 ma-

154 2641 207 2676 uere
223 2626 251 2674 ad
269 2626 354 2681 Urbem
371 2632 456 2678 senatui
472 2632 603 2695 placuisset
642 2633 764 2694 Praetores,
781 2635 831 2692 M..
