1850 2917
194 133 224 182 Τ.
237 131 326 181 LIVII
341 131 395 179 Lm.
409 130 542 179 xxvnl:
554 130 615 183 Car.
628 134 668 179 40.
719 128 767 179 297

96 265 214 311 consulem
225 264 359 329 declaratum
370 278 433 320 esse;
451 277 523 323 neque
534 262 597 309 aliter
607 258 684 309 idtieri
692 270 765 322 posse,

96 344 165 389 quam
175 330 196 375 si
206 330 254 390 ipse
265 330 288 374 in
299 328 400 375 Africam
414 328 536 374 exercitum
553 332 719 386 transportaret,
735 331 766 379 et,

94 401 200 445 acturum
212 409 237 441 se
248 394 272 439 id
281 408 320 455 per
330 394 444 454 populum,
458 399 534 455 aperte
548 391 623 443 ferret,
642 390 660 436 si
677 396 767 439 senatus

95 458 260 511 adsersaretur,
276 459 300 504 id
316 458 432 504 consilium
451 455 619 517 haudquaquam
636 454 768 517 primoribus

95 521 193 569 Petrum
204 538 257 569 cum
269 523 371 584 placeret,
383 523 502 582 ceterique
512 537 551 583 per
563 529 648 567 metum
665 526 704 567 aut
719 533 768 565 am·

94 587 204 634 bitionem
224 595 365 644 mussarent;
387 586 419 640 Q„
437 586 520 633 Fabius
539 586 655 632 Maximus
675 590 768 645 rogatus

93 653 240 710 sententiam,
256 660 272 681 ‘⁴
281 650 359 705 Scio,”
370 652 448 711 inquit,
468 659 483 679 “
495 652 570 697 multis
581 650 680 697 vestrrim
689 647 767 701 videri,

97 715 182 763 Patres
199 716 325 778 conscripti,
342 713 392 762 'rem
411 723 483 761 actam
503 716 609 763 hodierno
628 714 663 759 die
680 713 725 775 agi,
744 719 768 761 et

94 779 320 835 fnestrahsiiturum
335 782 466 833 orationem,
479 781 525 841 qui,
540 788 653 839 tamquam
667 778 696 823 de
709 778 768 823 inte·

95 843 140 907 gris
150 862 182 899 re,
195 846 224 893 de
234 844 311 893 Africi
321 844 578 907 provinciisententiarn
590 844 677 891 dixerit.
712 841 767 904 Ego

96 918 174 962 autem
185 912 281 971 primum
292 910 346 958 illud
356 912 443 971 ignoro,
455 909 641 969 quemadmodum
649 909 696 970 jam
705 914 767 953 certa

96 976 215 1035 provincia
231 975 309 1021 Africa
330 975 428 1025 consulis
446 974 489 1020 viri
505 975 569 1020 fortis
585 989 611 1019 ac
629 972 712 1019 strenui
730 971 766 1026 sit,

97 1054 167 1099 quam
179 1050 223 1091 nec,
231 1048 320 1087 senatus
331 1039 417 1085 censuit
430 1040 453 1084 in
465 1040 524 1085 lnmc
535 1053 618 1085 annum
629 1037 766 1099 prouinciam

97 1114 216 1157 esse,‘nee
225 1104 319 1165 populus
329 1105 405 1165 jussit·
441 1103 538 1156 Deinde,
557 1104 576 1149 si
591 1110 631 1156 est,
651 1102 766 1147 consulem

95 1166 192 1229 peecare
205 1169 305 1221 arbitror,
323 1169 368 1228 qui,
387 1168 414 1213 de
432 1183 456 1214 re
471 1165 582 1214 transactis
601 1164 723 1213 simulando
744 1180 769 1212 se

95 1231 188 1285 referre,
201 1240 302 1279 senatum
313 1233 405 1278 ludibrio
416 1233 488 1285 habet,
501 1247 546 1278 non
556 1240 679 1277 senatorem
690 1230 766 1285 modo,

97 1297 143 1356 qui,
163 1297 252 1357 dequo
271 1298 401 1349 consulitur,
421 1312 462 1342 suo
481 1296 531 1343 loco
553 1296 605 1343 dicit
625 1295 764 1343 sententiam.

96 1362 177 1420 Atque
194 1376 239 1422 ego
254 1368 339 1406 certum
357 1362 434 1412 habeo,
454 1360 592 1407 dissentienti
607 1361 661 1406 mihi
681 1358 767 1409 abisti

95 1425 241 1471 festinatione
262 1425 285 1469 in
307 1425 407 1472 Africam
428 1424 557 1486 trajiciendi,
580 1425 672 1471 duarum
692 1439 766 1471 rerum
790 1444 793 1461 ·

98 1489 237 1536 subeundam
258 1489 385 1550 opinionem
404 1505 469 1545 esse;
489 1489 561 1542 unius,
581 1490 655 1535 insitae
676 1488 768 1549 ingenio

96 1569 151 1600 meo
171 1554 334 1609 cunctationis3
358 1568 425 1612 quam
444 1562 529 1600 metum
548 1553 704 1615 pigritiamque
725 1553 767 1597 ho-

96 1619 172 1667 mines
179 1618 331 1665 adolescentes
342 1632 395 1664 sane
405 1618 522 1679 appellent,
536 1618 589 1664 dum
604 1633 632 1664 ne
643 1617 765 1679 ,poeniteat
811 1664 815 1669 ,

95 1684 171 1729 adhuc
190 1684 283 1729 aliorum
302 1683 434 1743 speciosiora
454 1683 527 1744 primo
547 1683 653 1744 adspectu
675 1681 767 1728 consilia

95 1763 188 1809 semper
198 1748 254 1800 visa,
265 1762 315 1792 mes
330 1762 372 1794 usu
390 1747 495 1793 meliora:
514 1748 611 1801 alterius,
625 1746 766 1795 obtrectatio-
855 1760 857 1765 ’

91 1813 134 1858 ‚nis
144 1820 213 1872 atque
222 1812 311 1857 iuvidiae
322 1811 427 1857 adversus
437 1820 574 1858 crescentem
585 1813 608 1857 in
617 1813 663 1858 dies
671 1812 765 1873 glorium

96 1876 215 1928 fortissimi
231 1876 334 1922 consulis.
370 1877 394 1921 A
409 1875 453 1936 qui
470 1876 594 1937 suspicione
609 1878 627 1921 si
643 1891 680 1921 me
695 1890 767 1935 neque

97 1942 146 1988 vita
156 1949 207 1988 acta
217 1949 242 1987 et
250 1956 324 1987 mores
335 1940 385 1993 mei,
399 1955 470 2001 neque
481 1941 590 1986 dictatura
604 1955 655 1985 cum
670 1939 767 1999 quinque

96 2005 256 2058 consulatibus,
268 2013 399 2065 tantumque
415 2006 495 2067 gloriae
511 2004 562 2050 beili
576 2003 681 2063 domique
697 2010 767 2064 partae

95 2070 204 2123 vindicat,
217 2078 241 2116 ut
251 2070 341 2131 propius
350 2069 463 2116 fastiffium
475 2072 522 2132 eJ'us
534 2069 582 2121 sim,
600 2084 667 2128 quarn
680 2068 767 2115 deside·

96 2135 172 2192 rium;
190 2141 245 2180 aetas
256 2134 334 2180 saltem
344 2135 435 2180 liberet:
456 2150 507 2194 quae
518 2134 578 2179 enim
589 2133 642 2179 mihi
654 2133 767 2179 aemulatio

96 2215 149 2245 cum
160 2214 188 2245 eo
199 2214 249 2246 esse
264 2207 345 2259 potest,
361 2198 398 2258 qui
411 2214 439 2244 ne
453 2199 498 2244 filio
514 2198 601 2259 quidem
613 2214 664 2244 meo
675 2198 767 2257 requaiis

96 2263 144 2310 sit?
178 2263 221 2327 M‘?
239 2264 375 2315 dictatorem,
399 2279 450 2309 cum
469 2265 568 2325 vigerem
588 2264 659 2310 adhuc
674 2262 764 2315 viribus,

96 2336 121 2375 et
138 2329 163 2374 in
182 2343 250 2373 cursu
266 2328 412 2373 maximorum
430 2342 504 2373 rerum
522 2344 600 2380 essem,
626 2333 766 2373 recusantem

96 2407 166 2439 nemo
185 2391 265 2439 autin
282 2400 359 2437 senatu
376 2398 414 2436 aut
432 2392 460 2436 ad
475 2393 582 2451 populum
606 2391 696 2441 audivit,
721 2404 766 2449 quo

97 2458 173 2503 minus
184 2456 301 2502 insectanti
318 2471 354 2500 me
369 2455 477 2514 magistro
494 2456 600 2513 equitum,
621 2454 680 2515 quod
698 2452 767 2499 fando

95 2535 213 2581 nunquam
229 2526 281 2566 ante
296 2519 395 2568 auditum
403 2525 457 2570 erat,
470 2519 586 2578 imperium
595 2533 681 2565 mecum
692 2531 766 2577 sequa·

95 2591 165 2631 retur.
202 2583 286 2635 Rebus,
303 2596 369 2643 quam
382 2582 461 2640 verbis,
481 2582 567 2641 assequi
585 2583 660 2635 malui,
680 2588 711 2633 ut,
729 2580 767 2639 qui

92 2647 285 2711 ,otiorumjuuicio
295 2646 349 2695 mihi
360 2651 500 2707 comparatus
515 2653 569 2701 erat,
588 2644 628 2705 susi
644 2658 698 2691 mox
713 2655 767 2701 con-
