1850 2917
166 161 174 172 ..
190 131 218 180 Τ.
229 129 318 180 mvn
334 129 387 178 sss
400 128 502 178 xxiia
520 128 580 182 cu.
591 134 631 179 ra
664 192 667 197 .
691 134 745 202 sss

73 263 135 316 illos,
153 260 191 322 qui
208 259 299 320 iaciunt,
316 261 415 308 nondum
434 267 546 308 tsntsrurn
563 261 692 324 iujuriarum
709 276 747 310 ss·

74 329 144 376 sistas
151 327 241 388 ceperit.
271 326 353 386 Neque
363 341 408 387 ego
418 327 509 387 exsequi
520 329 746 388 possumucevolsis

75 407 152 454 operte
171 398 206 438 est
224 390 300 436 sudire
315 391 409 452 singula,
427 405 478 452 quae
495 392 663 453 passisumuss
683 407 747 438 com·

74 456 176 504 munitet
186 451 261 502 omnis
272 455 397 516 ssnplecter.
432 453 502 517 Nego
516 455 608 502 domum
618 455 686 502 ullam
697 455 745 502 Lo-

75 522 128 574 aris.
147 535 207 582 nego
225 533 358 580 quemquam
380 520 501 574 huminem,
524 528 638 581 expertem
658 520 746 582 injurie

75 599 142 642 esse3
161 599 220 647 nego
237 584 307 630 ullum
324 599 396 645 genus
414 585 509 638 sceleris,
526 585 628 638 libidinis,
646 585 745 632 avaritiis

74 664 200 712 superesse,
217 649 278 709 quod
295 649 319 694 in
338 649 391 702 ullo,
409 648 446 708 qui
464 649 510 710 pati
528 649 632 710 potuerit,
652 657 746 712 praeter-

74 715 171 761 missum
182 714 217 760 sit.
248 712 296 760 Vm
304 714 359 759 ratio
367 714 416 760 iniri
425 721 506 774 potest,
518 722 567 760 utsr
575 727 639 761 casus
650 714 746 760 civitatis

74 781 106 826 sit
121 775 275 830 detestabilior,
289 793 341 824 cuns
357 780 433 824 hostes
447 779 506 824 bello
520 780 595 825 urbem
612 775 698 839 sepire,
715 793 745 824 an

74 859 129 890 cum
148 842 263 890 exitiabilis
282 849 390 902 tyrannus
408 843 430 888 vi
452 852 519 903 atque
539 843 607 889 mmis
625 843 742 904 oppressit.

75 907 168 960 Omnia,
186 922 236 966 quse
247 915 317 968 csptae
332 907 396 953 urbes
410 908 531 968 patiuntur,
546 908 605 968 possi
620 922 704 961 sumus,
720 914 745 954 et

46 1017 48 1020 .
74 987 128 1020 cum
140 973 237 1017 maxime
247 972 349 1032 patimur,
366 970 445 1018 Patres
453 972 588 1032 conscripti5
600 972 681 1025 omnis,
694 976 746 1032 (με’

7 1061 9 1068 ·
74 1036 223 1083 crudelissimi
240 1043 306 1094 atque
323 1036 505 1096 importunissimi
519 1037 608 1095 tyranni
623 1037 744 1083 scelersiu

73 1115 195 1163 oppressos
209 1099 269 1146 cives
286 1099 361 1152 edunt,
378 1099 501 1146 Pleminius
515 1100 537 1145 in
553 1116 601 1152 nos,
619 1100 745 1161 liberosque

73 1173 173 1217 nostros,
185 1171 209 1211 et
219 1166 332 1226 conjuges,
345 1164 418 1210 edidit.

107 1227 208 1275 XVIII.
232 1228 337 1274 “Unum
353 1235 394 1281 est,
414 1228 441 1284 de
455 1245 500 1290 quo
514 1229 644 1275 nominatim
661 1235 684 1276 et
701 1245 744 1278 nos

48 1317 50 1322 ·
73 1292 744 1419 nunnius

73 1423 191 1474 videbitur,
204 1421 304 1476 velimus,
318 1419 396 1468 Patres
407 1423 533 1483 conscripti.
558 1421 662 1468 Vidimus
672 1425 741 1478 enim,

73 1503 127 1534 cum
146 1483 230 1546 quanti
249 1483 383 1534 cserimonii·
396 1483 441 1532 non
463 1494 550 1532 vestros
571 1487 642 1532 solum
665 1487 743 1534 colatis

72 1551 148 1604 Deos,
162 1551 201 1596 sed
211 1550 277 1596 etism
286 1559 390 1599 externos
400 1549 518 1613 accipistis.
543 1549 630 1600 Fanum
639 1558 674 1598 est
684 1553 743 1613 apud

71 1631 117 1662 uos
131 1615 280 1675 Proserpinae,
297 1615 324 1660 de
335 1617 398 1677 cujus
408 1616 525 1662 sanctitate
538 1616 691 1676 templicrsdo
701 1616 743 1662 sli-

71 1695 141 1741 qusm
160 1679 241 1726 famum
260 1679 288 1724 sd
306 1694 348 1724 vos
366 1679 493 1740 pervenisse
512 1679 593 1740 Pyrrhi
609 1681 680 1727 bello:
702 1681 741 1741 qui

72 1760 133 1797 cum,
151 1759 181 1790 ex
196 1742 270 1790 Siciliis
282 1743 373 1798 rediens,
391 1743 478 1790 Locros
489 1745 559 1790 classe
568 1746 742 1805 praetervehere-

71 1816 116 1862 tur,
129 1809 187 1854 Inter
198 1808 240 1854 alis
249 1806 316 1862 foeds,
329 1823 386 1868 quse,
401 1815 492 1870 propter
504 1808 570 1854 fidem
585 1825 639 1870 erga
652 1827 701 1863 vos,
716 1811 741 1858 in

71 1874 186 1920 civitatem
204 1881 303 1922 nostram
319 1873 417 1920 facinora
431 1873 505 1926 edidit,
523 1874 638 1923 thesauros
652 1890 742 1934 quoque

72 1937 223 1998 Proserpinae‚
243 1938 337 1983 intactos
352 1939 379 1983 ad
394 1953 442 1983 earn
457 1937 523 1989 diem,
540 1938 654 1998 spoliavit:
674 1946 742 1998 atque

70 2003 110 2055 ita,
128 1999 224 2062 pecuniis
242 2002 265 2047 in
284 2017 352 2048 naves
367 1999 478 2063 impositi,
498 2002 545 2062 ipse
561 1999 619 2050 tent
634 2009 669 2048 est
687 2018 740 2063 pro-
809 2023 813 2028 -

70 2065 152 2114 fectus,
189 2065 250 2118 Quid
261 2066 403 2126 ergoevenit,
417 2065 496 2112 Patres
507 2066 642 2126 conscripti?
655 2063 740 2116 Classis

71 2139 163 2193 postero
174 2130 209 2176 die
218 2127 341 2178 soedissimi
354 2136 485 2190 tempestate
499 2130 600 2182 lacerata,
618 2146 742 2191 omnesque

71 2210 148 2248 naves,
170 2209 221 2254 quae
243 2209 326 2240 sacram
346 2194 461 2254 pecuniam
480 2195 609 2248 habuerunt,
630 2195 653 2239 in
674 2195 741 2242 litora

71 2267 149 2305 nostra
159 2259 237 2320 ejeetae
248 2265 306 2304 sunt
342 2257 395 2311 Qut
406 2257 467 2304 tanti
478 2259 539 2305 clade
549 2259 641 2316 edoctus
650 2259 740 2308 undem

71 2322 138 2372 Deos
149 2337 199 2368 esse
210 2323 376 2383 superbissimus
391 2337 437 2375 rex,
449 2323 564 2382 pecuniam
580 2338 669 2370 omnem
683 2338 740 2370 con·

70 2387 175 2448 quisitsm
186 2386 209 2430 in
221 2387 334 2432 thesauros
343 2386 485 2447 Proserpinae
495 2387 571 2434 reterri
577 2388 652 2450 Jussit.
678 2387 740 2434 ¹Nec

71 2460 146 2500 tamen
158 2450 190 2496 illi
200 2464 296 2510 unquam
308 2458 384 2512 postes
397 2451 496 2512 prosperi
510 2451 629 2513 quidmam
644 2453 736 2500 evenit:

70 2517 192 2578 pulsusque
203 2513 274 2568 Imit,
290 2515 382 2575 ignobili
399 2524 466 2575 atque
480 2515 596 2563 inhonesti
606 2524 686 2570 morte,
704 2524 739 2564 te·

71 2596 131 2628 mere
150 2586 216 2626 nocte
232 2579 346 2640 ingressus
361 2579 447 2640 Argos,
466 2580 575 2626 occubuit.
611 2580 671 2627 Haec
686 2596 739 2626 cum

63 2645 168 2702 ¹pprdisset
182 2643 270 2708 legatus
286 2649 367 2701 restet,
385 2643 510 2706 tribunique
523 2644 626 2700 militum,
641 2644 740 2695 ocutus
