1850 2917
215 168 245 223 T.
260 170 347 223 mvn
364 162 417 223 lun
431 166 543 225 XXVII.
564 176 623 229 Car.
637 184 677 227 42.
732 178 779 233 988

109 318 193 367 noque
207 295 282 352 mles
294 304 345 360 fnit,
362 300 575 370 quia'propinquitns
591 316 714 358 castromn
727 314 778 363 bre·

107 372 192 418 viorern
210 370 289 432 fugem
306 372 414 433 p'erculsis
429 372 488 419 iecit.
524 373 619 433 Equites
636 376 694 421 enirn
713 384 777 443 tergo

104 436 258 482 nrhaerebaut:
277 436 300 481 in
311 442 438 483 transversa
448 438 517 485 latera
527 439 655 485 invaserant
666 442 775 499 cohortes,

104 500 211 547 &undis
220 500 313 547 collibus
324 499 360 548 vii
371 501 430 548 nudi
438 513 465 550 oo
474 502 533 549 facili
544 503 693 551 decurrentes.
729 506 776 555 To·

103 580 157 613 men
174 581 242 627 supra
256 573 308 612 octo
323 567 391 613 millia
408 567 523 613 hominum
539 568 624 615 occisa:
644 583 710 633 supra
726 586 776 634 sep-

103 630 221 693 tingentos
237 632 310 692 capti:
329 632 394 692 signa
404 632 507 678 militaria
517 646 598 679 novem
610 634 710 681 ademta:
730 636 775 683 ele-

102 696 180 759 pbanti
199 696 274 748 etiarn,
292 710 386 756 quorum
407 697 481 743 nullus
500 712 554 743 usus
572 698 594 743 in
615 698 730 760 repentini
748 714 775 748 ao

102 759 248 807 tumultuarii
261 759 338 822 pugni
350 760 429 813 iuerat,
447 766 542 822 quatuor
556 764 631 815 occisi,
648 764 693 810 duo
706 766 771 827 capti.

102 823 172 875 OErca
188 826 324 888 quingentos
338 826 493 872 Romanorum
509 827 663 888 sociorumque
677 831 774 878 victores

101 890 237 938 oecidemnt.
273 890 369 936 Postero
379 891 415 937 die
426 891 513 937 Poenus
528 892 624 952 quievit:
644 892 770 949 Romanus,

100 958 125 1003 in
144 956 216 1002 sciern
236 956 305 1016 copiis
323 956 416 1007 eductis,
437 962 556 1017 postquam
576 958 687 1003 neminem
707 959 772 1022 signa
845 950 847 957 l

100 1027 181 1069 eontra
195 1017 274 1066 efferre
284 1020 345 1074 cidit,
364 1020 433 1082 spolia
443 1021 489 1082 legi
504 1036 613 1067 caesorurn
624 1024 728 1077 hostium,
746 1032 770 1072 et

100 1086 194 1133 s'uorurn
203 1098 296 1146 corpora
303 1084 384 1131 collata
394 1086 417 1130 in
428 1100 498 1130 unum
510 1086 596 1147 sepeliri
602 1088 677 1147 jussit.
714 1088 770 1136 lnde

99 1150 268 1211 insequentibus
282 1148 394 1195 continuis
404 1150 481 1196 diebus
491 1151 574 1211 aliquot
587 1152 619 1197 itn
629 1153 708 1198 institit
718 1168 771 1213 por.

99 1217 135 1269 tis,
148 1222 175 1261 ut
185 1229 255 1277 prope
264 1214 346 1260 inferre
356 1214 421 1276 signa
430 1216 556 1273 videretur;
573 1216 644 1261 donee
657 1216 770 1265 Hannibal

98 1278 166 1329 tertii
184 1277 267 1341 vigilii,
292 1280 374 1325 crebris
392 1279 481 1341 ignibus
500 1281 695 1341 tabernaculisque,
717 1296 769 1343 quae

96 1360 149 1409 pars
161 1353 284 1391 manorum
293 1344 322 1389 ad
329 1344 404 1408 hostes
414 1345 527 1405 vergebat,
540 1352 563 1391 et
571 1344 676 1391 Numidis
684 1348 767 1408 paucis,

97 1411 137 1473 qui
154 1410 177 1455 in
194 1410 253 1456 vallo
271 1411 384 1470 portisque
400 1424 424 1455 se
440 1408 590 1462 ostenderent,
608 1411 696 1464 relictis,
714 1426 767 1473 pro-

96 1476 170 1523 fectus
189 1474 296 1535 Apuliam
314 1482 391 1535 petere
408 1474 511 1519 intendit.
548 1474 593 1519 Ubi
612 1475 691 1527 illuxit,
716 1488 767 1523 suo-

95 1540 164 1589 c'essit
174 1538 234 1586 vallo
245 1538 349 1585 Romana
360 1539 431 1585 acies:
450 1544 474 1584 et
485 1536 591 1584 Numidae
602 1552 631 1585 ex
642 1541 766 1600 composito

93 1605 207 1669 paulisper
221 1605 245 1649 in
260 1604 330 1665 portis
346 1618 370 1649 se
386 1603 488 1664 valloque
503 1601 643 1649 ostentavere
648 1620 656 1661 ;
672 1603 765 1652 frustra-

94 1671 156 1733 tique
166 1669 302 1729 aliquamdiu
311 1670 394 1721 hostes,
413 1668 486 1715 citatis
500 1670 562 1729 equis
577 1682 657 1731 ngrnen
673 1682 764 1716 suorum

93 1740 251 1796 assequuntur.
288 1732 381 1786 Consul,
399 1734 435 1780 ubi
447 1733 559 1779 silentium
570 1734 593 1779 in
605 1734 689 1788 castris,
702 1740 724 1781 et
735 1750 764 1781 ne

91 1797 176 1864 pancos
187 1798 285 1860 quidem,
303 1799 340 1859 qui
351 1796 422 1859 primi
432 1799 483 1843 luce
491 1798 689 1853 obambulaverant,
701 1804 764 1861 parte

92 1864 138 1913 uua
148 1865 261 1916 cernebat,
278 1864 364 1909 duobus
379 1864 488 1924 equitibus
502 1863 638 1924 speculatum
653 1864 676 1908 in
691 1872 763 1911 castra

90 1930 222 1995 praemissis,
233 1934 351 1989 postquam
361 1929 472 1974 satistuto
482 1928 557 1985 omnia
564 1942 614 1972 esse
624 1927 762 1988 exploratum

90 1996 132 2050 esi,
150 1994 228 2041 inferri
240 1993 305 2055 signa
307 1994 388 2055 jussit:
408 2000 540 2052 tantumque
550 1992 579 2036 ibi
590 1996 695 2044 moratus,
708 1991 761 2038 dum

90 2061 173 2109 milltes
184 2059 213 2105 ad
223 2059 321 2120 praedmn
330 2058 463 2111 discurrunt,
476 2057 574 2118 receptui
585 2056 663 2102 deinde
674 2056 760 2111 cecinit,

90 2126 209 2185 multoque
222 2130 276 2169 ante
290 2130 380 2169 noctem
397 2122 472 2183 copias
487 2122 581 2167 reduxit
617 2120 711 2167 Postero
726 2120 762 2169 die

88 2190 161 2255 primi
179 2190 232 2235 luce
250 2186 371 2249 profectus,
394 2188 483 2249 magnis
505 2186 618 2232 itineribus
636 2186 718 2233 sornam
737 2192 761 2233 et

88 2256 187 2318 vestigia
201 2251 297 2314 agminis
308 2266 409 2313 sequens,
427 2252 485 2298 haud
500 2252 578 2313 procul
592 2250 694 2299 Venusii
707 2252 761 2297 hos·
790 2256 795 2273 ¹

89 2329 135 2370 tem
146 2319 280 2379 assequitur.
317 2316 352 2363 lbi
362 2332 451 2378 quoque
461 2316 605 2363 tumultuaria
615 2330 691 2377 pugna
700 2314 756 2361 fuit:

88 2396 156 2449 supra
172 2386 219 2430 duo
236 2383 305 2428 millia
324 2381 448 2427 Poenorurn
468 2394 533 2427 caesa.
569 2379 626 2425 Inde
645 2378 760 2425 nocturnis

87 2448 247 2508 montanisque
263 2446 378 2492 itineribus
396 2444 490 2497 Poeuus,
507 2460 536 2489 ne
554 2445 628 2489 locum
645 2441 760 2505 pugnandi

86 2516 158 2568 daret,
182 2512 344 2573 Metapontum
362 2510 433 2571 petiit.
476 2508 562 2554 Hanno
579 2508 632 2553 inde
651 2506 682 2568 (is
700 2505 760 2551 eninr

86 2578 193 2643 qiaesidio
207 2576 256 2637 ejus
269 2576 314 2621 loci
324 2571 454 2635 praefuerat)
466 2574 489 2617 in
501 2572 603 2617 Bruttios
618 2582 669 2616 curn
683 2568 760 2629 paucis

86 2645 115 2691 ul
132 2640 258 2690 exercitum
274 2652 360 2685 novum
377 2636 550 2699 comparandum
568 2635 656 2679 missus.
693 2630 760 2676 Han-

87 2708 154 2764 nibal,
173 2704 244 2767 copiis
260 2705 309 2766 ejus
327 2702 356 2749 sd
375 2716 426 2750 suns
444 2700 532 2751 additis,
549 2697 674 2749 Venusina
692 2698 760 2740 retro
796 2724 919 2881 ¹

493 2766 538 2807 18
