1850 2917
142 164 158 207 s
251 135 291 206 ¹i.
305 156 393 209 mvn
410 157 463 208 nn
477 159 575 210 xxrv.
594 159 654 211 cu.
668 162 692 209 e
770 210 773 215 .

143 288 288 347 translatum
305 304 405 351 puemm‚
422 292 515 338 vixdum
530 292 661 344 bbertutem
678 289 761 337 nedum
772 288 828 337 do-

145 353 296 408 minationem,
322 354 409 403 modice
427 356 532 403 laturum.
567 356 677 403 Laetend
696 356 824 416 ingenium

146 425 232 465 tutores
248 426 316 479 utque
331 420 395 466 amici
408 420 435 467 ad
446 421 629 483 praecipitandum
640 421 663 466 in
674 420 750 466 omnis
759 420 825 467 vitia

145 491 290 545 sceepemnt:
310 500 361 545 quae
375 485 406 531 ita
423 484 500 531 futura
517 500 611 532 cernens
630 484 711 537 Hiero,
733 482 824 531 ultimi

147 546 237 595 tenenti
251 548 349 595 voluisse
365 548 444 595 dicitur
459 550 671 611 libenssyncusas
682 548 821 609 relinquere,
846 601 849 603 v

146 628 176 659 ne
186 614 227 659 sub
237 612 351 660 dominatu
362 615 447 675 puerili,
465 631 505 676 per
516 615 641 668 ludibrium,
652 614 717 660 bonis
730 614 823 659 artibus

146 684 234 740 partum
251 676 407 739 iinnutumque
424 679 524 725 interiret
540 694 642 741 regnum.
680 677 744 723 Huic
760 687 823 723 bon-

146 742 196 789 silio
207 744 255 805 ejus
266 740 353 788 summi
368 759 410 805 ope
427 741 532 790 obstitere
547 744 607 797 filiae,
627 757 709 789 nomen
726 742 821 803 regium

146 821 215 869 penes
225 822 318 867 puerum
328 806 428 854 futurum
440 816 502 861 rute,
514 809 614 869 regimen
628 823 702 854 rerum
714 807 820 853 omnium

146 884 215 933 penes
228 886 252 918 se
264 871 368 932 virosque
380 888 439 927 suos,
454 873 642 919 Andranodorum
653 879 676 918 et
686 871 803 932 Zoippum
813 889 821 929 ς

148 951 200 982 num
216 935 231 981 ii
250 942 349 981 tutorum
367 938 432 998 primi
454 937 639 997 relinquebantur.
674 935 730 982 Non
750 935 823 983 facile

148 1008 196 1047 erat
215 1001 383 1063 nonagesimum
400 1002 449 1062 jum
466 1002 650 1063 ugentinum,
668 1000 823 1047 drcrnnsesso

148 1065 195 1111 dies
202 1072 322 1125 noctesque
328 1066 469 1113 muliebribus
476 1065 593 1119 blanditiis,
604 1066 697 1111 liberam
706 1064 822 1120 animum,

149 1138 172 1176 et
192 1136 322 1176 convertere
341 1130 369 1176 sd
389 1130 498 1191 publicam
514 1131 601 1192 privata
617 1145 700 1176 euram.
735 1127 824 1189 Ituque

149 1202 235 1241 tutores
249 1194 315 1240 modo
326 1195 450 1255 quindecim
467 1210 537 1257 puero
553 1195 654 1255 reliquit;
670 1209 729 1254 quos
738 1209 824 1255 precum

148 1266 185 1306 tus
196 1266 231 1306 est
241 1259 345 1313 moriens,
363 1267 388 1305 ut
403 1259 470 1307 tidem
487 1276 542 1321 erge
559 1260 665 1321 populum
675 1258 820 1313 Romanum,

148 1324 309 1385 quinquaginta
314 1326 418 1370 annossb
425 1340 449 1371 se
457 1326 547 1378 cultum,
556 1324 684 1372 inviolatam
693 1330 820 1378 servarent,

143 1390 296 1451 juvenemque
303 1389 348 1434 suis
356 1390 496 1450 potissimum
504 1389 605 1451 vestigiis
615 1389 717 1435 insistere
724 1387 820 1443 vellent,

148 1452 320 1515 disciplinaeque,
332 1451 606 1518 inqui[edoctus]esset.
633 1451 817 1501 Haeemundstu.

149 1516 209 1566 Cum
231 1515 372 1580 ambisset,
394 1534 434 1580 per
454 1526 540 1565 tutores
564 1525 697 1565 testamento
720 1516 819 1579 prolato,

147 1598 261 1645 pueroque
276 1582 300 1628 in
316 1584 446 1629 concionem
462 1584 577 1645 producto,
596 1584 655 1646 (erat
665 1589 739 1629 sutem
750 1582 820 1642 quin-

148 1646 220 1693 decim
232 1654 285 1693 tunc
295 1646 365 1695 ferme
381 1646 502 1708 annorum)
518 1648 601 1710 psucis,
617 1647 655 1708 qui
670 1663 710 1708 per
725 1647 820 1693 concio-

148 1726 201 1757 nem
218 1712 246 1758 sd
261 1712 389 1759 excitandos
405 1714 513 1759 clamores
531 1713 632 1774 dispositi
647 1719 717 1765 erunt,
735 1726 818 1773 oppro-

148 1777 250 1823 bantibus
266 1782 430 1833 testamentum,
449 1777 543 1829 caeteris,
563 1778 625 1824 velut
639 1783 703 1838 putre
724 1776 815 1831 unisse

138 1842 172 1887 'in
189 1837 242 1888 orbis
257 1841 347 1889 civitate
363 1843 438 1889 omniu
452 1843 586 1896 timentibus,
602 1841 671 1888 funus
683 1840 709 1887 fit
719 1840 818 1903 regium,-

149 1906 222 1971 rnogis
236 1921 311 1953 umore
323 1907 405 1953 civium
422 1914 445 1953 et
458 1908 557 1961 esritute
571 1922 637 1967 quem
650 1904 704 1952 curt
714 1919 815 1960 suorum,

149 1968 241 2019 celebre.
277 1970 367 2018 Deinde
381 1978 475 2018 oaetems
491 1979 576 2018 tutores
592 1972 710 2017 submovet
725 1970 817 2017 Andru-

149 2036 254 2089 nodorus,
273 2037 379 2098 juvenem
391 2038 438 2099 jum
455 2052 505 2083 esse
520 2036 622 2082 dictitans
638 2033 815 2095 Hieronymum,

148 2115 175 2147 ue
186 2101 249 2163 regni
266 2108 392 2162 potentem:
412 2101 586 2163 deponendoque
596 2100 688 2147 tutelam
698 2100 752 2161 ipse,
764 2114 817 2159 quae

147 2181 199 2213 oum
220 2165 318 2227 pluribus
338 2167 463 2229 communis
479 2174 533 2220 erut,
549 2166 574 2212 in
589 2180 615 2212 se
629 2178 700 2211 unum
716 2164 817 2211 onmium

147 2230 207 2278 vires
222 2230 340 2277 convertit.
810 2265 813 2269 -

181 2294 213 2341 V.
231 2294 280 2341 vix
290 2296 378 2357 quidem
390 2296 428 2341 ulli
438 2298 498 2346 bono
513 2296 671 2355 moderatoque
685 2294 735 2355 regi
746 2292 818 2341 facilis

148 2366 196 2406 erut
206 2358 270 2406 favor
284 2359 342 2422 apud
357 2361 517 2421 Syracusanos,
533 2360 659 2406 meoedenti
675 2365 745 2405 tuntae
760 2359 817 2405 esri-

148 2424 192 2470 teti
199 2422 320 2471 Hieronis:
339 2440 417 2471 verum
433 2426 493 2471 enim
509 2441 563 2472 vero
580 2423 741 2484 Hieronymus,
753 2424 817 2471 velut

149 2488 196 2535 suis
211 2488 271 2551 uitiis
287 2488 450 2537 desiderabilem
466 2490 555 2537 efficere
569 2487 637 2535 vellet
651 2502 726 2542 evum,
742 2488 814 2549 primo

149 2553 224 2599 stetim
233 2561 360 2614 conspectu,
376 2554 451 2600 omniu
466 2570 532 2616 qusm
543 2553 637 2615 disparis
646 2558 727 2605 essent,
740 2559 815 2599 oeten·

114 2665 120 2669 ,
147 2618 189 2666 dit
224 2616 285 2663 Nom
304 2618 342 2677 qui
361 2634 400 2680 per
417 2624 452 2665 tot
468 2634 539 2665 annos
558 2618 683 2665 Hieronem
701 2615 814 2676 filiumque

65 2692 77 2697 ··
148 2686 197 2749 sjtrs
215 2682 334 2737 Gelonem,
355 2698 397 2731 nee
415 2684 485 2732 vestis
501 2684 584 2740 babitu,
601 2696 643 2730 nec
655 2680 703 2732 ulio
718 2680 765 2729 ullo
779 2680 813 2727 in·
