1850 2917
212 185 661 240 nuvnnnxxvncmn’
721 189 768 240 ll'l

100 318 229 384 Capenates
240 320 545 382 siiquisomlaeejuserant3
560 318 769 384 psimitiulrugum

97 385 353 446 eodonnquealispro
367 383 561 448 eopilportsntes,
577 383 717 431 multosuro
731 401 769 433 sr-

98 458 215 513 gentoque
224 449 248 494 id
259 457 390 496 exornatum
399 449 514 496 habebnt.
533 448 580 494 His
590 449 693 495 omnibns
702 450 769 498 donis

97 523 149 562 anu
168 515 288 576 spoliatum
306 514 427 574 templum:
450 514 503 560 neris
520 514 670 567 sternitum
689 514 769 562 rudera

97 579 183 628 milites
196 577 305 639 fflgione
319 579 403 624 inducti
415 579 523 638 jacerent,
539 585 592 638 post
607 576 767 638 profet'o'onem

98 643 244 695 Hannilnlis,
260 642 337 704 magni
346 643 438 688 inventi.
473 641 551 705 Hujus
564 642 678 703 populatio
691 641 769 704 templi

99 707 159 754 baud
177 707 244 752 dubia
261 707 320 752 inter
337 707 455 767 scriptores
473 714 515 752 est.
550 705 645 759 Coelius,
667 705 767 753 Romam

100 779 192 818 mmmm
209 771 237 816 ab
252 769 323 817 Ereto
339 770 454 816 divertisse
469 769 666 825 eollanmbaiem,
683 771 764 818 tradit:

98 835 187 896 iterque
205 835 253 896 q'us
269 835 298 880 ab
312 834 392 887 Reate,
409 833 549 894 Cutiliisque,
566 842 588 880 et
605 835 633 880 ab
647 834 768 882 Amiumo

100 901 202 946 orditur:
220 913 250 945 ex
262 896 383 960 Campanit
392 899 416 944 in
427 899 550 951 Samnium,
562 898 614 945 inde
623 899 647 944 in
658 897 769 961 Pelignus

98 963 243 1026 pervenirem
259 969 383 1022 preterque
396 963 501 1024 oppidum
517 963 647 1009 Sulmonem
661 963 685 1008 in
700 963 767 1010 Mar·

98 1027 191 1075 rueinos
201 1026 321 1083 transisse3
337 1027 389 1072 inde
399 1027 493 1074 Albensi
502 1041 558 1087 agro
568 1028 591 1072 in
602 1027 701 1080 Marsos,
712 1028 767 1076 bine

99 1092 253 1145 Amitemum,
269 1089 408 1151 Forulosque
421 1091 496 1136 vicum
511 1092 605 1137 venisse.
639 1091 721 1152 Neque
734 1093 767 1140 ibi

97 1171 161 1204 error
179 1162 222 1209 est,
247 1155 306 1216 quod
327 1156 382 1202 tanti
400 1155 512 1201 exercitiis
529 1156 624 1217 vestigia
640 1156 700 1202 intra
717 1163 764 1203 tam

95 1220 171 1268 brevis
185 1220 230 1266 aevi
243 1219 372 1265 memoriam
385 1219 499 1280 potuerint
512 1219 630 1266 eonfimdi:
649 1220 694 1266 isse
703 1221 764 1267 enhn

95 1283 123 1332 ei
134 1291 229 1330 onustat.
264 1282 363 1329 Tantum
373 1282 396 1329 id
406 1283 506 1336 interest,
523 1284 637 1330 veneritne
646 1299 673 1330 eo
684 1284 765 1333 itinere

94 1349 124 1398 sd
135 1348 230 1401 Urbem,
243 1363 272 1394 sn
282 1348 310 1393 ab
321 1347 384 1394 Urbe
393 1347 417 1392 in
429 1346 574 1408 Campaniam
584 1347 681 1395 redierit.

127 1411 189 1459 ΧΠ.
210 1410 324 1460 Caetsnrm
341 1427 394 1465 non,
412 1419 520 1472 quantum
533 1413 659 1474 pertinaciae
673 1413 701 1459 ad
711 1429 765 1476 pre·

42 1527 43 1532 ,
92 1477 200 1524 mendam
215 1475 327 1522 obsidione
338 1474 438 1537 Capuam
449 1476 560 1523 Romanis
568 1476 618 1530 fuit,
635 1484 722 1523 tantum
733 1469 770 1525 udx

94 1539 256 1588 defendendum
265 1539 398 1586 Hannibali:
412 1554 510 1601 namque
517 1555 546 1586 ex
554 1539 652 1586 Lucanis
660 1542 683 1586 in
692 1541 763 1589 Brut·

1 1627 3 1684 p
94 1603 764 1668 tirnnagrumadfretumvemacRbegiumeocurtu

93 1669 218 1722 contendit,
235 1675 261 1714 ut
276 1683 345 1730 prope
361 1669 475 1730 repentino
491 1669 587 1716 adventu
601 1670 703 1716 incautos
719 1680 761 1734 op-

1 1765 3 1770 ·
92 1733 206 1797 presserit·
242 1731 320 1794 Capua
329 1733 371 1778 etsi
385 1733 453 1779 nihilo
468 1733 559 1796 segnius
573 1735 662 1780 obsessa
671 1750 711 1797 per
721 1751 761 1782 eos

93 1801 142 1846 dies
158 1796 237 1851 fixerat,
254 1803 330 1843 tamen
347 1797 467 1844 adventum
484 1795 559 1844 Flacci
578 1799 660 1845 sensit:
679 1806 702 1846 et
720 1800 761 1847 ad·

94 1862 184 1910 miratio
198 1869 247 1908 orta
260 1869 302 1915 est,
319 1875 365 1907 non
380 1861 446 1908 simul
460 1877 587 1924 regressum
598 1861 759 1910 Hannibalem.

93 1926 153 1974 Inde
166 1941 206 1988 per
216 1925 325 1986 colloquia
334 1925 498 1979 intellexerunt,
516 1926 604 1972 rabdos
615 1941 640 1971 se
649 1926 760 1974 desertm-

1 2023 2 2054 ;
93 2005 145 2052 que,
171 1997 195 2036 et
216 2005 277 2051 spem
298 1988 384 2050 Copuse
403 1989 524 2036 retinendm
545 1990 680 2052 deploratam
701 1991 760 2052 apud

1 2075 2 2100 ς
94 2054 248 2103 Psenosesse.
283 2053 642 2116 Aooessitediotumpmponsulis
654 2069 759 2103 exsena-

92 2119 245 2166 tds-consnlto
258 2119 404 2180 propositum,
421 2119 581 2180 vulgatumque
594 2119 653 2180 apud
666 2120 756 2168 hostes:

92 2191 109 2214 ‘⁴
120 2191 155 2236 ut,
167 2184 205 2243 qui
213 2182 268 2230 civis
277 2180 404 2244 Campanus
412 2189 463 2229 ante
474 2190 557 2230 certam
565 2183 623 2229 diem
633 2185 761 2240 namnet

91 2263 142 2294 mne
152 2247 229 2293 iiaude
239 2245 324 2293 esset-'¹
352 2246 403 2293 Nec
414 2248 459 2293 ulls
468 2246 528 2294 facta
535 2254 570 2294 est
578 2249 686 2302 transitio,
695 2257 758 2296 metu

90 2313 167 2374 magis
182 2325 229 2365 eos,
246 2325 313 2372 quun
329 2310 381 2364 fide,
398 2311 541 2368 continente3
562 2312 613 2372 quis
630 2314 715 2374 majora
733 2314 760 2358 in

92 2376 218 2422 defectione
233 2375 376 2435 deliquerant,
393 2391 458 2436 quam
475 2377 553 2435 quibus
569 2377 656 2437 ignosci
671 2385 761 2438 posset·

92 2439 209 2488 caeterum
225 2439 410 2500 quemadmodum
428 2455 496 2486 nemo
513 2440 599 2501 privato
618 2441 711 2488 oonsilio
729 2441 758 2489 sd

88 2506 180 2551 hostem
195 2504 307 2557 transibat,
324 2504 355 2549 ita
371 2503 427 2549 nihss
443 2504 574 2550 salutarem
588 2504 685 2550 medium
702 2518 759 2550 oon-

88 2569 209 2616 sulebstur.
244 2567 355 2614 Nobilitas
365 2569 520 2628 rempublicam
534 2567 667 2620 deseruerat,
684 2581 759 2627 neque

1 2631 2 2658 ³
88 2634 112 2680 in
124 2638 227 2678 senatum
238 2631 289 2693 cogi
294 2637 413 2693 poterant:
432 2632 456 2676 in
470 2632 602 2693 magistratu
616 2638 692 2677 autem
701 2638 764 2681 erata

1 2707 2 2712 ’
87 2698 128 2759 qui
143 2711 190 2744 non
204 2695 368 2757 sibibonorom
382 2695 505 2758 specim
522 2695 561 2742 sed
575 2689 763 2756 indigrn‘tstasnt
