1850 2917
171 156 221 202 sos
273 150 304 199 r.
317 148 406 198 mvn
423 151 475 199 ns
490 150 616 201 xxvur.
636 151 695 215 cir.
707 156 748 198 40.

170 281 239 329 letam
250 282 327 329 urbem
339 282 450 329 cernimus
457 298 543 336 eorum,
556 296 651 344 quorum
659 282 682 327 in
693 282 790 344 gratiam
801 274 845 333 Ssss

171 354 267 409 guntum
280 348 392 394 deleverat
403 346 531 393 Hannibal:
550 348 648 408 vectigal
659 362 688 393 ex
698 362 755 408 agro
762 360 843 393 eomm

171 413 278 473 capimus,
290 413 350 474 quod
364 412 428 458 nobis
439 426 485 457 non
495 412 569 459 fructu
576 412 697 475 jucundius
713 419 756 464 est,
774 426 843 473 quam

170 478 262 524 ultione.
298 478 335 524 Ob
345 478 400 530 haee,
413 478 492 538 quibus
503 479 587 539 majora
602 490 673 537 neque
688 490 786 537 sperare,
803 490 843 523 ne-

171 558 215 603 que
226 549 302 603 optare
319 543 346 588 ab
362 541 415 588 Diis
431 542 591 588 immortalibus
605 549 740 603 poteramus,
757 541 843 603 gratias

170 614 246 653 sctum
262 621 304 652 nos
321 607 398 652 decern
415 607 503 668 legatos
516 607 653 669 Saguntinus
668 613 759 653 senatus
770 620 845 668 popu·

171 671 287 733 lusquesd
297 686 338 718 vos
349 672 424 717 misit:
444 673 511 718 simui
520 672 663 733 gratulatum,
682 671 742 731 quod
758 670 793 717 ita
808 684 843 718 res

170 737 213 782 hos
224 751 295 782 annos
306 727 329 781 in
341 734 452 797 Hispsnii
463 743 529 797 atque
541 734 607 783 leniit
616 735 724 797 gessistis,
742 742 768 781 ut
784 734 843 782 His·

170 801 259 863 psnism
267 815 314 846 non
325 800 390 846 Ibero
401 816 467 847 amne
478 808 551 855 tenus,
565 801 603 847 sed
613 800 657 861 qui
667 807 777 846 terrarum
790 800 844 847 uiti·

170 880 219 912 mas
229 865 279 911 tinit
290 866 401 918 Oceanus,
414 865 521 912 domitam
541 866 607 912 annis
625 866 738 911 babeatis:
759 862 842 919 Italiae,

112 977 116 985 ,
170 930 214 976 nisi
225 928 335 990 quitenus
345 931 428 977 vallum
440 938 564 977 castrorum
580 930 656 991 cingit,
675 930 730 974 nihil
745 929 843 990 relique·

170 994 219 1041 ritis
235 993 316 1040 Poeno.
351 994 405 1042 Jovi
422 995 515 1056 Optimo
532 996 641 1047 Maximo,
662 993 751 1056 praesidi
772 992 843 1055 Capi-

169 1059 248 1106 tolinae
259 1060 323 1112 areis,
337 1074 383 1104 non
396 1067 472 1120 gretes
486 1068 573 1107 tantum
590 1060 618 1106 ob
634 1060 684 1105 haec
702 1072 771 1119 agere
782 1059 843 1120 jussi

171 1140 256 1178 sumus,
275 1124 313 1170 sed
328 1125 411 1169 donum
425 1126 469 1170 hoc
485 1126 558 1177 etiam,
578 1125 597 1170 si
616 1140 656 1170 ros
673 1123 841 1185 permitteretis,
918 1158 919 1163 ,

170 1204 277 1235 eoronam
292 1204 381 1235 auream
397 1190 421 1234 in
437 1188 573 1251 Capitolium
588 1188 687 1235 vietoriae
704 1202 760 1249 ergo
770 1187 838 1234 serre.

171 1252 201 1300 Id
217 1255 250 1299 uti
267 1254 406 1315 permittatis,
427 1270 571 1314 quaesumus:
593 1254 673 1313 utique,
695 1252 794 1299 sivobis
810 1252 842 1299 its'

170 1318 265 1369 videtm,
278 1333 329 1378 quie
341 1318 405 1364 nobis
420 1320 565 1380 imperatores
580 1318 648 1365 vestri
663 1316 782 1363 commoda
801 1318 842 1363 tri·

170 1383 273 1436 buerunt,
286 1398 313 1428 en
323 1388 371 1429 rata
382 1389 449 1443 atque
457 1391 565 1446 perpetus
575 1384 706 1429 auctoritate
716 1379 794 1428 vestri
807 1380 842 1429 fs·

171 1446 261 1494 eiatis.”
296 1448 392 1495 Senatus
401 1449 482 1511 legatis
498 1448 627 1510 Saguntinis
638 1446 759 1509 respondit,
779 1452 796 1476 ‘⁴
808 1444 841 1493 Et

171 1512 269 1559 dirutum
280 1521 303 1559 et
314 1512 441 1559 restitutum
451 1514 576 1574 Saguntum
589 1512 639 1559 fidei
656 1512 744 1558 socialis
760 1511 841 1557 utrim-

171 1593 216 1638 que
237 1585 332 1624 servatoe
351 1578 510 1623 documentum
532 1564 634 1624 omnibus
655 1576 760 1639 germinum
780 1574 837 1622 fore.

172 1642 232 1690 Suos
245 1643 389 1703 imperatores
405 1648 473 1694 reete,
493 1650 516 1687 et
535 1642 618 1694 ordine,
636 1648 659 1687 et
677 1654 707 1687 ex
722 1640 840 1687 voluntate

171 1706 262 1754 senatus
272 1706 358 1759 fecisse,
370 1707 430 1767 quod
440 1707 567 1767 Saguntum
579 1705 720 1756 restituerint,
735 1704 841 1765 civesque
917 1734 918 1753 t

170 1772 311 1833 Saguntinos
322 1771 412 1817 servitio
426 1771 562 1817 exemerint:
582 1784 676 1830 quaeque
693 1769 735 1815 alis
753 1769 785 1815 eis
802 1770 840 1815 be
917 1828 918 1836 ἵ

130 1870 133 1875 -
171 1836 241 1899 nigne
250 1836 350 1889 fecerint,
363 1851 390 1882 ea
400 1842 501 1881 senatum
515 1835 548 1881 ita
561 1834 658 1881 voluisse
671 1832 734 1879 fieri:
755 1832 839 1879 donum

170 1902 306 1963 permittere,
324 1901 383 1947 utin
395 1899 507 1961 Capitolio
524 1896 658 1961 ponerent.”
692 1896 770 1943 Locus
788 1896 840 1945 inde

170 1966 283 2026 lautisque
300 1966 381 2027 legatis
397 1964 491 2026 praeberi
504 1964 574 2025 jussu,
593 1970 616 2009 et
632 1962 731 2009 muneris
748 1976 804 2023 ergo
815 1962 839 2008 in

171 2032 273 2092 singulos
284 2030 330 2075 duri
341 2045 369 2076 ne
379 2030 454 2075 minus
465 2029 522 2075 dena
532 2027 600 2074 miliia
608 2028 665 2074 aeris.
700 2024 838 2087 Legationes

171 2094 251 2141 deinde
272 2102 361 2141 caeterae
376 2095 400 2140 in
420 2101 521 2140 senatum
540 2092 679 2144 introdnetae,
703 2091 835 2152 auditaque
916 2090 917 2123 ἶ

170 2158 205 2205 Et
215 2159 340 2218 petentibus
349 2159 486 2220 Saguntinis,
502 2164 535 2211 ut,
551 2155 661 2218 quitenus
674 2161 724 2201 tuto
737 2159 837 2217 possent,

171 2221 261 2269 Itslism
282 2228 405 2283 spectatum
424 2224 489 2276 irent,
509 2223 577 2269 duces
594 2221 646 2275 dati,
665 2220 782 2280 literaeque
800 2232 839 2282 per

171 2286 252 2348 oppida
259 2287 341 2339 misse,
351 2293 377 2331 ut
387 2285 503 2349 Hispanos
514 2287 606 2333 comiter
615 2285 746 2347 acciperent.
777 2282 838 2331 Tm

171 2347 338 2459 ῗὲειιτεριιὺὶίοᾶι
349 2349 377 2395 de
388 2353 522 2399 enantibus
536 2350 661 2404 sentiendis,
678 2349 706 2395 de
719 2348 838 2411 provinciis

219 2419 274 2458 tum.
833 2426 836 2433 ’

205 2474 260 2520 XL·
280 2473 341 2523 Cum
352 2478 453 2526 Africam
465 2496 547 2527 novum
562 2479 697 2543 provinciam
711 2482 776 2525 extro
790 2490 838 2525 sor·
915 2478 916 2511 i

171 2545 218 2584 itm
234 2538 261 2583 P·
278 2539 376 2602 Scipioni
391 2544 496 2593 destinari
513 2546 615 2592 homines
629 2542 689 2589 fami
703 2543 797 2596 ferrent,
815 2544 839 2588 et

169 2602 225 2663 3P³⁶v
238 2601 353 2665 numiam
363 2608 450 2654 modist
460 2608 533 2671 gloriis
548 2615 673 2661 contentus,
688 2622 735 2653 non
751 2607 780 2653 sd
797 2620 838 2669 gs-
858 2640 861 2647 ,

169 2666 264 2714 renium
274 2668 342 2718 mou,
358 2671 448 2729 benuo
465 2674 505 2723 seu
521 2674 550 2723 n
565 2673 692 2730 munuum,
711 2670 796 2721 neret
813 2682 839 2718 e
