1850 2917
163 121 213 170 882
283 113 314 166 Τ.
328 117 417 167 mvn
434 118 487 167 Lu·
501 118 588 167 XXX.
608 117 669 168 Cas.
681 123 730 168 20.¹

164 235 252 303 inum,
271 256 433 310 contraquam
450 255 553 296 sanetum
567 249 654 310 legibus
672 246 747 296 erat.”
780 248 834 303 Hs:

164 314 284 375 rogatione
293 312 384 375 perlati,
396 314 566 376 inprovisum
574 314 646 360 rediit
673 314 712 360 An
723 311 767 361 cn
782 315 834 363 Ser·

165 458 476 570 Arguegnutiih'umfrffihrpetii,
489 459 598 568 hiisque
607 445 834 587 οιῑίἰωῃίἐιιοῑιὶίῖἷέῗῖιιιιῖ

163 573 217 633 puli,
231 587 347 619 senescere
357 571 468 618 Punicum
479 573 561 618 bellum
580 580 705 625 cernentes,
724 571 832 620 desoeere.

166 635 230 683 idem
242 638 382 684 consultum
393 637 522 684 Hannibale
533 638 557 682 in
567 653 623 698 egro
635 635 780 685 Crotoniensi
787 638 835 684 acie

164 700 272 748 conflixit.
309 701 410 748 Obscura
425 703 475 764 ejus
488 717 572 764 pugnae
584 701 644 750 famo
653 710 695 748 est.
730 701 837 748 Vaterins

166 765 250 812 Antias
262 767 360 826 quinque
375 767 445 814 millia
460 768 559 812 hostium
573 782 632 813 eaesa
644 767 691 813 ait:
710 781 762 827 qnae
772 773 835 814 rann

166 845 202 876 ros
215 838 256 885 est,
275 840 300 877 ut
314 838 352 877 aut
368 830 508 891 impudenter
519 831 572 878 ficta
585 832 620 885 sit,
637 840 677 877 aut
693 831 835 892 negliganter

168 895 325 956 praetermissa.
361 895 426 941 Nihil
436 904 498 942 certe
507 896 565 942 ultra
576 896 608 942 rei
617 896 641 940 in
653 894 718 942 Italiai
727 896 756 941 ab
767 894 835 942 Han-

165 960 240 1007 nibale
250 969 357 1023 gestum:
377 974 428 1006 nam
439 961 468 1006 nd
478 972 529 1006 enm
544 971 635 1020 quoqne
648 960 716 1022 legati
732 961 761 1005 ab
777 957 838 1006 Car-

165 1023 264 1086 thagine,
278 1031 384 1072 vocantes
394 1025 417 1070 in
426 1024 534 1079 Africam,
546 1025 573 1070 iis
583 1024 642 1072 forte
656 1025 738 1077 diebus,
754 1024 837 1084 quibus

168 1088 196 1134 ad
207 1087 340 1150 Magonem,
353 1097 470 1136 venerunt.

197 1151 257 1200 XX.
277 1153 392 1200 Frendens
408 1169 552 1215 gemensque,
569 1169 596 1200 sc
611 1153 651 1199 vix
660 1153 766 1214 ncryrnis
774 1159 834 1200 tern-

163 1217 834 1343 nutriuntsnnnmumtnn

167 1351 184 1376 ⁴⁴
195 1345 235 1392 sed
245 1347 317 1407 palem
329 1355 440 1399 revocant,
453 1347 499 1407 qui,
511 1347 607 1400 vetando
618 1348 798 1408 supplementum
810 1354 838 1399 et

208 1411 283 1457 uniam
294 1411 360 1465 mitti,
375 1411 508 1472 Jampridem
523 1411 669 1457 retrahebant.
704 1411 768 1458 weit
777 1427 837 1473 ago

194 1475 316 1522 annibalem
328 1491 372 1521 non
388 1476 483 1538 populus
493 1474 611 1522 Βοιιιιιιιιιι
628 1476 696 1522 toties
709 1491 784 1523 caesns
796 1476 838 1523 fua

163 1547 282 1600 gestusque,
301 1541 340 1586 sed
359 1548 448 1587 senatus
463 1539 654 1601 Carthaginiensis
673 1541 838 1588 obtrectatione

166 1603 429 1716 ἓηὲειίιινίἀὶᾶῃιύιιεὲιιε
439 1605 480 1650 bne
491 1604 631 1716 (imme
641 1605 725 1651 reditus
734 1606 839 1723 ffi

189 1683 322 1715 .crroex
358 1677 439 1716 tarta
465 1684 495 1716 ue
590 1685 645 1723 sese,
677 1685 728 1716 nam

164 1733 204 1792 qui
215 1685 306 1779 dorhnm
318 1742 425 1786 nostram,
437 1676 527 1795 siquando
537 1731 581 1780 uit
591 1750 615 1780 re
623 1686 760 1796 noripotnt,
770 1731 840 1782 ruint

166 1795 311 1860 Carthaginis
323 1797 459 1860 oppressit.”
491 1797 544 1846 Jam
559 1799 602 1844 hoc
612 1799 685 1860 ipsum
695 1799 841 1861 praesagiens

164 1862 247 1916 animo,
260 1870 420 1924 praeparaverat
435 1870 488 1908 ante
499 1879 580 1909 naresi
598 1863 680 1924 itaque,
691 1863 766 1909 inutili
775 1863 840 1910 mili-

164 1931 213 1972 tum
225 1925 288 1974 turbi
298 1927 393 1988 praesidii
407 1927 480 1989 specie
490 1927 513 1972 in
524 1927 604 1988 oppida
614 1927 698 1974 Bruttii
709 1929 766 1990 agri,
783 1931 841 1989 qnn'

164 2005 235 2052 penna
251 1992 323 2052 magis
337 1999 398 2038 metu
414 2007 481 2052 quam
491 1991 536 2038 fide
546 1993 722 2045 continebantur,
735 1990 841 2047 dimissa,

165 2055 226 2116 quod
237 2057 320 2102 roboris
330 2056 354 2102 in
365 2057 464 2102 exercitu
474 2063 529 2110 erat,
544 2057 567 2101 in
579 2055 679 2102 Africam
693 2058 843 2115 transvexit3

164 2119 242 2166 multis
257 2118 329 2166 Itslici
340 2121 429 2182 generis
441 2122 511 2185 (quia,
524 2121 547 2165 in
557 2120 659 2167 Africam
670 2129 788 2167 secuturos
795 2122 842 2167 ab·

163 2191 266 2238 nuentes,
281 2193 436 2232 concesserant
451 2186 474 2230 in
485 2184 582 2233 Jnnonis
594 2184 694 2232 Laciniae
708 2185 841 2239 delubrum,

165 2246 295 2294 inviolatum
307 2249 391 2294 adeam
403 2246 473 2309 diem)
485 2250 509 2295 in
523 2249 606 2311 templo
622 2250 671 2310 ipso
687 2249 748 2296 ioerie
764 2250 844 2296 mter-

163 2309 236 2356 iectis.
271 2312 334 2357 Raro
345 2327 479 2374 quemquam
490 2313 565 2366 alium,
577 2314 670 2375 patriam
682 2313 756 2360 exsilii
767 2312 844 2362 munh

395 2457 432 2487 nm
677 2461 684 2488 z

162 2514 225 2574 saepe
236 2500 308 2547 Italiae
319 2502 390 2558 litora,
408 2514 431 2552 et
443 2505 510 2552 Deos
525 2507 671 2568 hominesque
681 2515 843 2561 accusantem,

161 2576 186 2607 ιιι
194 2578 219 2612 se
226 2579 314 2625 quoqne
322 2581 348 2613 ac
357 2583 422 2616 suum
428 2570 499 2632 ipsius
505 2579 573 2634 oaput
578 2579 727 2626 murnum,
740 2579 756 2603 ‘⁴
764 2571 845 2632 Qflossl

161 2639 208 2675 non
224 2635 341 2680 cruentum
357 2635 385 2682 ab
396 2632 513 2684 Cannensi
523 2634 619 2686 victorin
628 2637 724 2691 militem
732 2636 847 2696 Rom)
920 2700 921 2703 ,
