1850 2917
173 138 220 182 rsa
287 133 317 184 Τ.
331 131 419 183 LIVII
436 130 600 183 Lnxxvu
619 127 718 186 ems:
771 195 775 203 ⁸

168 265 228 310 haud
246 265 325 327 procul
342 280 356 312 a
373 265 466 314 flumine
482 272 554 313 eastra
571 259 652 328 puniit.
687 263 782 311 Postero
797 261 834 313 die

169 337 252 390 praeter
263 328 330 378 Cales
340 331 363 375 in
373 346 452 393 sgmm
464 330 586 377 Sidicinum
599 329 712 392 pervenit:
730 329 761 375 ibi
775 329 834 374 dim

100 405 105 416 ¹
170 407 240 440 unum
251 395 376 457 populando
387 402 493 448 moratus,
510 411 550 456 per
561 395 688 443 Suessulam
699 395 834 440 Amnum·

170 473 213 518 qne
228 466 252 506 et
263 457 390 506 Casinatem
402 475 481 522 agrum
491 458 529 506 vii
538 457 620 506 Latini
629 459 697 505 ducit.
732 459 779 505 Sub
789 455 835 505 cs·

171 523 245 570 sinum
263 523 329 570 biduo
347 525 426 570 stativa
441 525 524 578 habita,
541 533 565 570 et
581 525 663 585 passim
681 522 834 585 populationes

169 586 243 634 factae.
279 586 343 640 Inde,
360 596 440 650 praeter
459 587 611 634 Interamnam
627 588 794 648 Aquinrnnque,
810 585 835 631 in

171 650 329 714 Fregellanum
344 668 422 714 agrum
438 653 466 699 ad
480 651 551 698 Lirim
566 652 658 699 fluvium
673 659 781 708 ventum;
798 649 835 696 ubi

170 715 299 762 intercisum
320 725 412 778 pontem
437 733 450 764 u
472 717 609 779 Fregellanis
629 716 730 763 morandi
750 714 839 760 itineris

171 779 238 827 osusd
252 782 344 827 invenlt.
379 782 412 828 Et
423 781 529 828 Fulvium
540 781 666 828 Vulturnus
675 787 778 826 tenuerat
786 787 837 825 ami

171 845 214 899 nis,
237 845 330 892 navibus
346 847 373 891 ab
391 845 517 892 Hannibale
533 846 636 898 incensis,
656 852 715 891 rates
730 844 759 890 nd
774 843 838 904 traji-

171 908 273 955 ciendum
288 911 417 964 exercitum,
434 910 457 956 in
472 909 555 972 magni
564 908 638 973 inopid
650 909 756 961 materiae,
774 921 839 970 aegre
891 911 894 916 '

171 973 839 1101 tldlffiftulitfftilltltlsslt{iffi

170 1102 236 1155 visrn,
255 1104 361 1163 expositis
374 1104 471 1166 benigne
481 1098 646 1155 commeantibus,
663 1110 724 1149 erat:
741 1101 840 1147 alacres

173 1181 216 1226 que
231 1167 312 1213 milites
329 1167 384 1214 alius
400 1169 474 1220 alium,
491 1176 517 1214 ut
530 1169 620 1214 adderet
632 1167 734 1228 gradum,
750 1179 841 1211 memor

173 1230 201 1278 ed
216 1230 374 1278 defendendam
388 1233 421 1278 ire
434 1232 534 1294 patriam,
554 1233 703 1278 notabantur.
738 1229 840 1275 Romam

173 1293 319 1356 Fregellanus
338 1297 436 1350 nuntius,
458 1297 516 1343 diem
535 1303 667 1356 noctemque
684 1295 764 1340 itinere
782 1308 840 1338 mn-

173 1358 266 1412 tinuuto,
290 1360 404 1421 ingentem
430 1362 505 1408 attulit
525 1369 644 1408 terrorem:
670 1358 840 1411 tumultuosius,-

174 1437 240 1484 quam
259 1423 349 1470 silatum
369 1432 422 1479 erat,
444 1441 522 1472 cursus
540 1426 661 1478 hominum,
683 1422 841 1483 affingentium

172 1502 231 1537 vana
238 1489 324 1542 auditis,
337 1497 406 1535 totam
418 1491 495 1536 urbem
505 1491 638 1536 conciverat.
672 1487 777 1534 Ploratus
787 1497 842 1531 mua

171 1553 251 1599 lierum
266 1567 312 1599 non
327 1568 356 1600 ex
367 1555 458 1614 privetis
473 1555 545 1600 solum
556 1553 656 1599 domibus
666 1552 841 1608 exaudiebatur3

173 1618 213 1664 sed
221 1619 318 1677 undique
325 1625 440 1672 matronae,
449 1619 473 1663 in
480 1619 592 1679 publicum
600 1616 684 1670 effusae,
694 1616 752 1662 cirea
759 1613 842 1662 Dedm

173 1681 263 1728 delubra
284 1682 415 1736 discurrunt,
439 1683 535 1729 crinibus
555 1682 626 1744 passis
646 1696 696 1728 aras
715 1686 841 1732 verrentes,

174 1745 234 1792 nixae
252 1745 353 1807 genibus,
374 1748 463 1808 supinas
481 1761 561 1794 munus
579 1747 606 1792 ad
626 1746 709 1792 ooelum
727 1759 753 1791 ac
772 1742 841 1790 Dens

174 1811 297 1864 tendentes,
320 1818 457 1872 orantesque,
475 1820 501 1858 ut
519 1813 595 1858 urbem
614 1810 740 1857 Romanam
757 1823 771 1854 e
790 1821 842 1854 ma-

173 1875 238 1921 nibus
254 1875 352 1922 hostium
367 1877 492 1938 eriperent;
508 1882 634 1936 matresque
644 1874 758 1920 Romanas
771 1880 796 1918 et
810 1873 841 1918 li-

172 1940 237 1986 beros
255 1955 336 2001 parvos
354 1941 473 1987 inviolatos
495 1948 615 1986 servarent
650 1939 745 1986 Senatus
764 1938 842 2000 magif

174 2004 278 2052 stratibus
289 2005 312 2049 in
322 2003 371 2050 foro
379 2013 462 2066 praesto
473 2013 515 2058 ost,
533 2005 551 2050 si
566 2005 619 2064 quid
633 2003 749 2049 consulere
757 2001 839 2048 venna

173 2069 220 2116 Alii
232 2069 342 2129 accipiunt
355 2070 453 2130 imperia,
471 2069 629 2129 disoeduntque
641 2068 670 2114 ad
684 2081 735 2112 suas
745 2067 842 2128 qrrisque

174 2132 297 2178 officiorum
308 2139 394 2193 partes:
414 2134 450 2180 alii
461 2131 557 2179 offerunt
567 2149 598 2186 se,
616 2132 634 2178 si
644 2147 689 2192 quo
700 2145 753 2177 usus
763 2144 841 2192 operae

109 2195 115 2204 “
174 2197 216 2242 sit:
235 2197 337 2257 praesidia
355 2198 378 2242 in
394 2198 493 2249 arcein
511 2196 629 2258 Capitolio,
645 2197 669 2241 in
687 2195 763 2248 muris,
779 2195 843 2241 olma

172 2261 256 2314 urbem,
274 2261 297 2306 in
308 2268 385 2308 moute
399 2262 465 2308 etiarn
477 2262 565 2308 Albano
579 2268 646 2320 atque
659 2275 711 2306 aroe
720 2256 840 2312 AEsulanit

173 2333 293 2386 ponuntur.
330 2323 393 2371 Inter
404 2327 462 2372 buno
473 2327 601 2378 tumultum,
620 2324 652 2379 Q
667 2323 772 2370 Fulvium
786 2337 842 2385 pro-

173 2389 289 2434 consulem
303 2388 426 2448 profeetum
442 2407 494 2436 eum
509 2390 608 2436 exercitu
621 2405 636 2436 a
646 2387 724 2450 capul
734 2387 840 2444 offertum

174 2452 210 2498 oui
226 2467 255 2498 ne
269 2453 405 2500 minueretur
420 2455 544 2516 imperium,
561 2455 580 2500 si
595 2455 618 2498 in
635 2452 720 2499 Urbem
732 2452 840 2504 venissen

174 2515 273 2562 decernit
289 2524 386 2570 senatus,
404 2524 428 2564 ut
445 2517 478 2571 Q„
493 2517 574 2566 Fulvio
589 2533 630 2578 per
645 2531 696 2563 cum
712 2517 842 2564 oonsulibus

173 2578 291 2639 imperium
301 2588 367 2628 esset.
395 2579 515 2635 Hannibal,
524 2583 626 2629 infestius
716 2581 842 2643 ulatosgro

175 2642 309 2710 Fregellano
318 2653 409 2710 propter
418 2647 536 2695 intercisos
545 2654 632 2710 pontes
648 2661 688 2709 per
720 2645 843 2694 rusinatern
