1850 2917
199 127 330 186 narvn
344 134 397 186 n»
411 135 524 205 xxvn
539 135 604 187 or,
617 129 657 186 ra·
713 135 760 187 aot

86 271 212 320 'ndentes
230 266 318 314 fortiter
423 273 457 314 tes
471 265 576 316 cecidere.
611 266 764 322 Philemenus,

91 331 129 392 qu
146 331 284 393 proditionis
302 332 330 378 sd
376 332 498 380 annibalem
517 340 595 379 auctor
612 331 690 386 iuerat,
709 347 761 380 cuns

90 397 160 442 citato
170 411 233 456 equo
243 411 273 442 ex
282 396 362 458 proelio
372 404 463 443 avectus
473 404 545 454 esset;
559 412 632 459 vagus
639 397 705 458 paulo
711 405 764 458 post

88 475 264 572 ditm
273 461 548 587 “²¹03‘th
558 476 763 587 iiim

88 595 137 635 tum
149 603 180 636 ex
191 605 251 650 equo
262 586 417 651 praecipitisse.
445 588 603 638 Carthalonem
611 597 692 643 autem,
704 604 763 651 prea-
825 635 829 640 ,

86 652 174 700 fectum
185 653 284 716 praesidii
296 653 385 706 Punici,
395 668 445 700 cum
456 655 667 701 comme-oratioue
677 654 763 716 paterni

88 718 188 780 hospitii,
203 719 284 779 positis
298 718 372 771 annis,
388 719 514 765 venientem
526 719 554 765 ad
564 719 685 772 consulem,
697 719 762 765 muer

89 782 170 829 obvius
182 784 309 828 obtnrnoat.
344 782 391 828 Alii
401 782 456 828 alios
469 782 552 844 passim
567 784 616 829 sine
628 783 762 836 discrimine,

89 855 198 909 armmos,
215 847 319 900 inermes,
336 846 432 900 caedunt,
449 845 645 908 Carthaginienses
658 847 764 894 Tarenti·

89 925 178 972 nosque
191 911 282 972 pariter.
317 910 401 957 Bmttii
415 926 504 972 quoque
517 912 581 958 multi
592 911 709 966 interiecti,
721 926 761 959 seu

89 977 609 1102 ttffitt‘tt‘t‘ssstittfflt
614 977 761 1103 ,titii

92 1114 183 1151 rentum
191 1102 315 1164 videretur)
326 1105 519 1166 exstinguendam.
552 1105 614 1152 Tum
624 1107 652 1152 ab
662 1105 723 1152 caede
733 1105 762 1152 sd

93 1169 239 1231 diripiendam
255 1170 332 1215 urbem
351 1169 481 1216 discursum.
516 1169 590 1216 Millia
606 1171 698 1232 triginta
714 1185 762 1216 ser·

92 1233 170 1280 vilium
190 1233 288 1295 capitum
307 1233 411 1280 dicuntur
429 1234 501 1295 capti;
520 1234 608 1296 argenti
626 1235 661 1280 via
679 1235 761 1296 ingens

92 1297 145 1344 faeti
165 1298 308 1359 signatique3
328 1299 375 1344 auri
394 1298 509 1360 octoginta
526 1300 568 1345 tria
585 1299 654 1346 millia
670 1298 761 1360 pondo;

93 1362 158 1424 signa
175 1363 309 1422 tabulaeque,
328 1377 397 1424 prope
414 1369 439 1408 ut
457 1363 616 1422 Syracusarum
631 1371 763 1410 ornamenta

7 1475 8 1480 ,
94 1427 241 1487 aequaverint.
277 1427 321 1474 Sed
335 1427 417 1488 majore
432 1428 507 1473 animo
520 1429 610 1489 generis
623 1429 671 1490 ejua
686 1426 763 1489 praedi

7 1499 8 1528 ὲ
93 1491 200 1536 abstinuit
217 1489 306 1542 Fabius,
326 1505 391 1550 quam
409 1490 546 1548 Marcellus;
563 1491 601 1552 qui
617 1492 762 1553 interroganti

7 1547 8 1572 ³
94 1555 180 1608 acnbae,
193 1554 246 1616 quid
256 1554 303 1600 fieri
315 1555 384 1616 signis
394 1555 468 1609 vellet,
485 1556 594 1619 (ingentis
604 1555 763 1618 magnitudinis

7 1617 8 1638 ³
93 1618 135 1666 Dii
149 1628 210 1674 sunt,
228 1631 269 1665 suo
284 1619 378 1680 quisque
391 1620 466 1666 habitu
479 1620 502 1665 in
513 1620 604 1666 modum
614 1620 761 1682 pugnantium

91 1681 194 1743 formati)
217 1691 233 1713 ‘⁴
244 1683 309 1744 Deos
327 1683 395 1729 iratos
413 1683 541 1731 Tarentinis
559 1684 669 1746 relinqui”
683 1685 759 1748 jussit.
791 1720 794 1724 -

91 1747 178 1796 Mutus
189 1748 248 1802 inde,
260 1749 298 1809 qui
309 1749 384 1794 urbem
399 1749 488 1795 abarce
498 1749 619 1803 dirimebat,
631 1750 717 1796 dirutus
727 1757 763 1796 est

90 1827 117 1860 ac
133 1813 247 1876 disiectus.
283 1811 347 1858 Dum
362 1813 410 1858 haec
424 1812 516 1860 Tarenti
531 1822 635 1876 aguntur,
648 1814 763 1863 Hannibal

90 1877 125 1932 iis,
138 1879 178 1939 qui
191 1876 323 1926 Cauloniam
334 1877 469 1930 obsidebant,
480 1879 504 1923 in
515 1877 648 1924 deditionem
656 1878 761 1939 acceptis,

90 1940 167 1989 auditi
185 1941 351 2004 oppugnatione
366 1940 466 1994 Tarenti,
484 1943 530 1988 dies
544 1948 666 2002 noctesque
679 1942 761 1988 cumin
808 1991 809 1994 ,

85 2008 184 2070 'agmine
198 2015 256 2058 acto,
273 2021 330 2059 cum,
342 2005 449 2052 festinans
459 2007 488 2052 ad
497 2021 562 2068 opem
576 2006 697 2059 ferendam,
709 2021 763 2068 cap-

91 2078 139 2118 tam
153 2073 232 2118 urbem
245 2071 355 2127 audisset3
373 2070 429 2117 “Et
440 2069 564 2124 Romani,'’
575 2071 653 2131 inquit,
667 2077 683 2100 ‘⁶
694 2085 760 2118 suunt

7 2171 9 2196 ,
92 2135 247 2184 Hannibalem
266 2136 359 2181 babent:
385 2132 470 2188 eidem,
492 2134 537 2197 qui
555 2151 690 2196 oeperams,
713 2142 762 2183 arte

7 2203 8 2236 t
91 2199 218 2248 Tarentum
238 2197 377 2246 amisimus.”
416 2199 455 2246 Ne
476 2208 550 2247 tamen
566 2199 674 2262 fugientis
692 2199 761 2247 modo

7 2293 8 2318 ,
92 2265 232 2312 convertisse
247 2279 327 2326 agmen
343 2264 461 2318 videretur,
479 2280 523 2325 quo
540 2266 685 2312 constituerat
700 2265 760 2318 loco,

7 2339 8 2342 ’
92 2330 191 2391 quinque
199 2329 344 2376 milliaferme
354 2329 381 2375 ab
389 2330 449 2383 urbe,
461 2330 536 2390 posuit
543 2338 626 2376 castra:
639 2330 669 2376 ibi
676 2343 760 2392 pauens

91 2401 194 2441 moratus
209 2393 262 2446 dies,
281 2392 438 2454 Metapontum
454 2409 503 2440 sese
520 2395 615 2456 recepit:
634 2394 687 2440 inde
703 2393 760 2440 duos

92 2458 265 2520 Metapontinos
279 2471 330 2504 cum
344 2457 413 2504 literis
426 2459 550 2521 principum
564 2461 612 2522 ejus
626 2458 721 2505 civitatis
731 2458 761 2505 ad

92 2522 189 2570 Fabium
207 2521 331 2569 Tarentum
348 2523 424 2575 mittit,
440 2522 507 2570 fidem
524 2525 552 2570 ab
569 2523 662 2570 consule
679 2536 759 2582 aceep-

7 2613 8 2652 4
90 2594 162 2642 turos,
174 2588 283 2650 impunita
292 2587 320 2634 iis
329 2587 402 2649 priora
411 2586 467 2640 fore,
479 2587 664 2649 aiMetapontum
674 2587 695 2633 ei
706 2599 758 2632 cuni

7 2669 8 2690 ³
90 2653 195 2716 prendo
215 2651 303 2702 Puuieo
324 2651 478 2716 prodidissent.
517 2651 608 2708 Fauo.
626 2665 687 2706 Vm·
707 2663 759 2710 qa}
