1850 2917
211 128 242 178 Τ.
255 127 344 182 L1v11
360 129 414 182 Lu,
428 129 515 180 XXX.
533 128 596 180 Car.
609 135 649 178 82
708 134 763 183 -895

85 257 178 310 ,exitum
189 261 311 308 secundun
318 262 358 324 jus
367 259 446 322 fasque
456 260 572 315 dederunt,
587 261 693 322 ‹et-hujus
709 261 764 310 dant
791 318 793 322 ⁸

91 333 116 372 et
125 325 218 372 dabunt.
254 325 323 401 Quod
335 326 363 372 ad
373 341 410 371 me
420 326 507 380 attinet,
519 334 543 372 et
553 327 657 374 humanae
670 323 764 374 infirmi·

90 389 253 443 tatismemiui,
266 397 288 436 et
299 390 345 437 vim
359 389 456 438 lortuuae
470 399 556 467 reputo,
570 398 594 438 et
605 391 687 444 omnia,
701 406 764 452 quaa-

86 467 190 515 cumque
213 455 308 516 agimus,
335 456 433 518 subjecta
453 471 503 502 esse
522 451 583 502 mille
601 455 688 503 casibus
707 456 762 503 scio·

93 517 219 574 caeterum,
240 520 425 580 quemadmodum
445 521 538 582 superbe
555 528 579 566 et
596 517 706 566 violenter
727 535 764 568 me

91 583 175 630 faterer
185 582 295 638 facere
279 600 296 630 ιι
307 585 375 646 prius,
388 600 455 645 quam
472 586 495 631 in
507 583 608 631 Africam
619 571 762 646 trajecisseni,

91 655 115 695 te
126 645 167 694 tud
174 648 291 696 voluntate
299 649 414 696 cedentem
423 647 496 702 ltalii,
505 657 535 703 et,
545 601 660 712 impositoJ
659 649 683 697 in
695 664 764 697 naves

92 714 202 766 exercitu,
218 713 291 789 ipsum
308 715 435 760 venientem
449 714 478 762 ad
493 729 571 775 pacem
588 713 706 776 petendam
724 713 765 762 ad·

92 791 227 854 spernacum
254 779 286 824 sic
308 793 374 832 nunc,
402 794 453 824 curn
479 794 548 840 prope
571 793 639 827 manu
661 776 764 825 conserta

91 842 232 890 restitantem
243 858 269 890 aa
280 844 465 922 tergiversantem
476 843 499 888 in
508 841 609 890 Africam
626 843 763 896 attraxerim,
755 875 780 896 ,.

92 904 156 954 nulla
166 921 217 952 sum
225 906 265 953 tibi
275 903 408 954 verecundia
416 908 541 954 obstrictus.
575 907 699 954 Proinde'
681 922 700 953 ιι
711 907 765 968 quid

92 971 121 1018 ad
137 987 170 1024 aa,
186 972 210 1017 in
227 987 278 1032 quae
292 979 341 1017 turn
355 987 405 1048 pax·
414 978 552 1018 conventura
562 971 683 1026 videbatur,
701 972 765 1048 (quae

84 1037 148 1088 sint,
168 1028 239 1095 ιιόιιι)
261 1036 338 1082 multae
356 1036 445 1082 nuvium
460 1051 512 1082 cum
530 1044 656 1083 commeatu
671 1052 712 1097 per
729 1037 765 1083 in-

93 1101 172 1148 ducias
181 1107 358 1162 expugnatarum
374 1101 544 1162 legatorumque
559 1101 693 1146 violatomm
709 1099 765 1162 adJ'i-

94 1166 161 1218 citur,
178 1172 219 1218 eat,
236 1164 573 1224 quodreferamadconsilium.
609 1165 765 1225 Sinillaquc-

92 1244 137 1290 que
148 1244 226 1290 gravta
235 1229 346 1282 videntur
362 1229 443 1274 bellum
461 1235 544 1290 parate,
565 1229 669 1290 quoniam
686 1244 764 1290 paoem

92 1294 141 1356 pati
152 1308 198 1339 non
208 1291 337 1355 potuistia.”
371 1291 408 1340 lta
418 1291 501 1338 infecti
507 1308 569 1354 paee,
579 1308 608 1340 ex
615 1290 763 1353 colloquioad

94 1373 149 1404 suos
160 1373 212 1404 curn
223 1373 248 1404 ae
259 1357 400 1417 recepissent,
415 1355 499 1403 frustra
510 1358 596 1403 verba
585 1365 670 1419 jactata
681 1371 764 1404 renun-

93 1423 168 1469 tiant=
187 1423 254 1470 armis
270 1421 432 1468 decernendum
451 1436 508 1474 esse,
529 1421 695 1482 habendamque
713 1436 762 1478 eant

94 1486 217 1539 fortunam,
235 1501 301 1547 quam
315 1485 356 1532 Dii
368 1486 487 1532 dedissent.

128 1549 242 1596 XXXII.
261 1548 290 1596 In
310 1557 382 1596 castra
401 1559 426 1596 ut
444 1558 480 1596 est
497 1557 598 1602 ventum,
618 1550 764 1612 pronuntiant

94 1617 195 1669 ambo,‘
199 1615 288 1661 ‘Arma
299 1615 428 1690 expedirent
442 1614 524 1660 milites
538 1616 669 1674 animosque
684 1614 712 1661 ad
726 1630 765 1665 au-

93 1695 198 1743 prernum
209 1687 329 1733 certamen,
348 1679 431 1725 nonin
449 1694 519 1725 unum
535 1679 601 1734 diem,
619 1679 681 1726 aad
674 1694 697 1724 ιιι
714 1693 765 1741 per·

94 1753 197 1808 petuam,
218 1744 238 1789 ιι
257 1743 352 1790 felicitas
371 1743 463 1796 adesset
487 1744 591 1790 uictores.
640 1743 717 1791 Roma
735 1759 765 1792 an

97 1808 238 1870 Carthago
228 1823 280 1870 Jura
296 1808 400 1870 gentibus
417 1809 487 1860 daret,
505 1814 557 1854 ante
575 1808 693 1857 crastinam
710 1823 765 1855 noc-

93 1882 143 1922 tem
158 1873 265 1920 scituros:
285 1873 428 1933 nequeenim
437 1871 545 1925 Africam,
562 1880 601 1919 aut
612 1871 708 1926 Italiam,
725 1874 766 1921 sed

94 1939 173 1986 orbem
183 1941 299 1990 terrarum
311 1937 411 1984 victoriae
421 1937 538 1999 praemium
550 1935 612 1994 fore3
628 1952 668 1998 par
679 1937 766 1997 pericu

93 2004 143 2050 lum
154 2003 254 2064 praemio,
266 2003 345 2062 quibus
356 2001 455 2048 adversae
465 2016 549 2064 pugnae
556 2001 647 2049 fortuna
654 1999 764 2049 fuisset·”

94 2082 149 2116 uam
160 2081 232 2126 neque
242 2066 352 2113 Romania
361 2065 470 2127 effugium
479 2065 549 2112 ullurn
559 2067 664 2128 patebat*
658 2080 681 2110 ιιι
694 2064 766 2113 alieni

95 2129 218 2194 ignotaque
239 2129 313 2187 terrim
339 2137 362 2176 et
384 2127 523 2192 Carthagini,
552 2145 656 2192 supremo
679 2131 764 2176 auxilia

96 2195 176 2248 effuso.
199 2195 277 2243 messe
298 2164 413 2242 v’idebatur
433 2209 533 2256 praesens
554 2193 685 2241 exscidium.
727 2196 767 2242 Ad

89 2262 141 2308 noc
152 2259 270 2306 discrimen
278 2259 401 2322 procedunt
410 2266 501 2320 postero
511 2259 547 2306 die
563 2259 657 2306 duorum
673 2251 781 2322 cpulari-¹

97 2323 235 2373 ιιιιίιιιοιιιιιι
252 2325 385 2399 populorum
401 2324 445 2370 duo
461 2324 531 2385 longe
552 2323 667 2370 clarissimi
690 2323 765 2378 duces,

97 2391 144 2437 duo
159 2388 274 2436 fortissimi
295 2389 412 2442 exercitur,
435 2389 507 2448 multa
528 2396 581 2436 ante
602 2395 666 2450 parta
687 2387 768 2436 decora

95 2462 137 2508 aut
148 2453 282 2506 cumulaturi
298 2469 326 2500 eo
342 2452 385 2506 die,
402 2460 441 2500 aut
453 2451 560 2498 mersuri.
594 2448 704 2516 Anceps
722 2452 768 2500 'tur

97 2534 150 2581 spes
166 2525 190 2565 et
205 2524 279 2564 metus
295 2517 417 2564 miscebant
433 2517 536 2572 ιιιιιιιοις
556 2517 769 2590 contemplantur·

96 2599 158 2660 que·
158 2582 226 2630 modo
242 2596 313 2634 suam,
331 2581 399 2627 modo
414 2580 513 2628 hostiurn
528 2579 607 2634 adem,
628 2595 679 2630 cum
697 2583 768 2636 oculis
801 2628 803 2633 ,

98 2647 179 2712 magis,
196 2660 264 2709 quam
280 2645 373 2701 radone,
390 2651 511 2708 pensarent
530 2644 597 2699 vires,
621 2646 688 2694 simul
707 2646 767 2700 laeta,
