1850 2917
182 148 214 199 Τ.
228 142 317 198 LIVII
333 148 386 198 Lu.
400 148 527 199 XXVIII.
546 148 606 201 Cn.
617 154 658 200 24.
709 152 757 201 277

85 283 137 329 am
150 280 183 327 de
197 280 247 328 viti
262 281 402 343 imperatoris
418 281 477 328 dubii
494 294 596 329 rumores
612 280 672 329 allati
689 290 758 341 sunt3

86 348 124 395 sod
129 348 181 410 Jam
192 354 254 400 ante,
270 344 399 393 licentii-ex
409 346 495 393 diutino
506 350 544 410 (ut
553 344 590 407 fit)
600 347 646 394 otio
657 346 758 404 collecti,

84 420 107 459 et
117 412 230 465 nonnihil,
248 411 308 471 quod
318 412 341 457 in
351 412 439 457 hostico
448 412 521 458 laxius
532 418 595 473 rapto
604 412 673 459 suetis
683 412 760 461 vivere

84 478 193 524 arctiores
204 477 229 521 in
239 490 294 537 poce
304 491 340 522 res
350 483 421 522 erant.
456 477 493 523 Ac
504 477 576 537 primo
584 490 699 523 sermones
709 482 760 523 tsn-

84 549 132 589 tum
142 541 228 587 occulti
237 542 371 595 serebantur,
386 548 402 571 “
411 542 429 587 si
439 542 521 587 bellum
532 542 555 587 in
566 538 681 603 provincii
691 547 758 595 esset,

84 608 138 668 quid
148 622 202 653 sese
212 606 272 653 inter
285 613 376 667 pacatos
389 605 480 653 facere?
498 606 516 651 cl
530 606 662 653 debellatum
673 607 721 668 jorn
736 612 760 653 et

83 670 189 718 coniecta
199 671 316 733 provincis
325 678 391 725 esset,
404 671 478 716 curin
490 668 577 717 Italism
588 685 634 718 non
649 669 724 717 revehi
730 667 760 715 ?”

84 735 229 799 Flagitstum
247 750 336 796 quoque
354 736 487 797 stipendium
506 736 627 797 procacius,
646 750 712 795 quum
731 747 761 781 ex

84 816 149 848 more
162 808 188 847 et
198 800 309 846 modestii
318 800 407 846 militari
417 808 477 846 erat:
497 808 520 846 et
530 800 558 847 ab
568 800 696 847 custodibus
705 814 760 861 pro-

83 867 124 913 bra
137 866 163 911 in
178 867 343 911 circumcuntes
353 866 441 927 vigilias
451 866 552 911 tribunos
558 866 632 929 jacta:
651 872 675 911 et
690 871 759 911 noctu

84 931 178 991 quidam
196 930 322 991 praedstum
339 930 363 975 in
382 944 462 991 agrum
479 930 537 977 circs
551 937 654 991 pacatum
670 930 757 977 ierant:

83 1002 202 1057 postremo
224 994 320 1040 interdiu
340 1008 367 1041 so
388 994 501 1057 propolsm
520 995 568 1041 sine
587 1003 713 1042 commeatu
731 996 760 1041 sb

84 1061 157 1122 signis
177 1060 279 1105 obibunt:
299 1060 375 1105 omnia
392 1058 482 1106 libidine
500 1074 526 1105 sc
544 1058 633 1107 licentii
652 1061 757 1113 rnilitum,

85 1124 142 1170 nihil
151 1125 258 1169 instituto
265 1138 292 1169 sc
299 1121 414 1185 disciplini
424 1123 516 1178 militiae,
529 1132 567 1171 aut
577 1125 670 1187 imperio
681 1138 759 1171 eorum

85 1190 123 1251 qui
130 1196 253 1252 praeemnt,
265 1189 389 1249 gerebatur.
425 1187 510 1235 Forma
517 1196 592 1236 tamen
602 1188 759 1236 Romanorum

85 1261 214 1301 nsstromm
229 1254 346 1299 constabat
361 1250 407 1299 und
421 1250 448 1299 ed
465 1268 510 1314 spe,
528 1254 588 1314 quod
605 1256 713 1307 tribunos,
731 1266 761 1300 ex

85 1319 225 1381 contagione
237 1317 320 1363 furoris
335 1316 394 1365 houd
408 1325 511 1379 expertes
526 1319 639 1365 seditionis
654 1318 760 1367 deiectio-

85 1385 167 1444 nisque
178 1382 222 1429 rati
230 1382 287 1435 fore,
299 1389 323 1428 et
329 1384 382 1444 jors
392 1382 483 1430 reddere
493 1384 516 1429 in
527 1384 639 1445 principiis
650 1384 757 1437 sinebant,

86 1456 111 1496 et
122 1450 215 1510 signum
226 1448 254 1494 ub
264 1447 296 1493 eis
306 1448 417 1508 petebant,
434 1454 458 1494 et
471 1448 495 1493 in
510 1447 616 1495 motiones
631 1462 658 1495 ne
671 1448 761 1509 vigilius

83 1514 111 1560 in
121 1513 226 1559 ordinem
236 1512 310 1558 ibnut:
329 1519 360 1565 et,
378 1518 404 1558 ut
413 1512 460 1558 vim
475 1512 560 1574 imperii
574 1513 716 1566 abstulerunt,
728 1512 763 1557 itu

86 1578 186 1640 speciem
199 1577 261 1622 (licto
274 1577 407 1637 parendum,
425 1577 483 1624 ultro
499 1577 539 1625 sibi
553 1577 695 1639 imperantes,
713 1588 761 1622 ser-

84 1644 177 1690 noant.
213 1640 297 1701 Erupit
311 1640 390 1687 deinde
405 1642 491 1696 seditio,
508 1649 626 1705 postquam
641 1640 760 1704 reprehen-

85 1708 141 1755 dero
161 1713 231 1767 etque
250 1706 375 1767 improbare
395 1707 496 1753 tribunos
506 1722 541 1754 ⁴es
561 1722 612 1769 quae
630 1706 715 1761 fierent,
737 1712 762 1751 et

86 1772 165 1819 consti
175 1771 264 1817 obvium
274 1770 315 1825 ire,
327 1777 350 1817 et
359 1772 473 1832 propulsor
484 1772 580 1819 abnuere
589 1770 671 1819 furoris
682 1782 759 1818 eorum

85 1849 112 1884 se
119 1836 213 1883 tuturos
223 1836 303 1888 socios,
316 1843 440 1882 senserunt.
476 1834 570 1898 sugatis
580 1837 655 1897 itaque
663 1850 692 1882 ex
700 1836 762 1897 prin·

85 1902 158 1963 cipite,
176 1916 204 1948 sc
219 1908 271 1961 post
285 1900 352 1962 poulo
367 1916 382 1947 e
395 1901 474 1947 mstris
488 1900 588 1953 tribunis,
606 1901 633 1946 od
649 1900 761 1961 principes

87 1965 212 2018 seditionis,
229 1965 347 2026 gregarios
360 1965 449 2020 milites,
469 1963 498 2013 O.
511 1965 604 2011 Albium
616 1963 726 2013 Calenum
735 1968 761 2009 et

86 2029 119 2080 C·
129 2031 222 2077 Atrium
235 2028 355 2083 Umbrum,
371 2030 470 2076 delatum
481 2030 581 2076 omnium
592 2042 703 2075 consensu
717 2026 761 2073 im·

4 2100 5 2108 ¹
87 2095 176 2158 perium
187 2101 235 2159 ests
255 2095 301 2155 qui,
318 2092 457 2155 nequiquam
473 2094 593 2141 tribuniciis
608 2089 708 2141 contenti
724 2106 761 2139 or·

88 2161 209 2213 mmeritis,
227 2160 325 2221 insignis
341 2160 409 2206 etism
428 2160 510 2207 summi
526 2159 619 2221 imperii,
635 2158 709 2206 fasces
725 2172 761 2205 so-

89 2238 206 2285 numque,
228 2231 346 2271 attrectare
361 2225 422 2270 ausi:
442 2238 515 2287 neque
530 2224 593 2271 venit
610 2224 633 2270 in
652 2229 760 2276 mentem,

88 2288 137 2336 nris
151 2289 223 2351 tergis
236 2289 326 2349 suisque
340 2289 462 2337 cervicdius
476 2290 551 2352 virgus
565 2288 614 2336 illss
629 2298 762 2347 securesque

88 2354 214 2407 imminere,
227 2368 284 2415 quos
292 2354 320 2400 sd
331 2365 416 2401 metum
423 2354 518 2401 oliorum
525 2354 663 2416 praeferrent.
693 2351 762 2399 Mors

87 2418 202 2481 ‘Stipionis
215 2418 274 2465 islso
287 2419 371 2465 credits
384 2421 510 2466 occaecnbst
523 2420 623 2467 animos:
643 2418 685 2465 sub'
698 2416 763 2477 cujus

89 2484 208 2547 sugium
225 2498 281 2530 mox
299 2482 381 2530 samem
400 2498 447 2529 non
465 2484 593 2532 dubitabant
614 2489 687 2530 totam
704 2480 764 2529 His·

88 2548 179 2610 puniam
190 2562 290 2595 mutam
304 2549 376 2595 bello:
394 2549 419 2593 iu
433 2564 461 2594 eo
471 2550 571 2596 tumultu
581 2556 604 2596 et
615 2547 682 2595 sociis
693 2558 764 2609 pecu·

86 2613 139 2663 niso
154 2613 266 2688 irppersri,
282 2620 307 2661 ot
323 2612 387 2677 diripi
403 2613 539 2677 propinquos
555 2614 715 2676 urbes.posse;
732 2614 763 2663 sb

123 2692 176 2727 vor..
189 2692 230 2726 ru.
496 2680 538 2727 22

794 2756 923 2895 Ι
