1850 2917
667 72 674 99 i

182 123 219 176 nt
231 122 320 177 mvn
335 127 389 190 ap
402 126 515 177 xxv1L
533 126 592 179 cn.
606 134 645 179 ns.
700 136 749 181 sir

81 258 184 305 aeuum
200 265 270 305 ruunt
283 274 324 319 per
338 262 438 320 portans:
459 251 548 306 etcum
565 254 749 311 sexcenti'i'ernre

81 321 212 375 intriment,
224 324 316 369 remisso
325 322 386 376 fune,
402 338 447 383 quo
458 338 564 385 suspensa
574 332 627 377 erat,
641 332 750 374 murteta

82 402 167 449 magno
176 388 349 446 sonitucecidit.
379 387 504 448 Salapitani,
518 387 553 433 alii
563 386 667 449 perfugas
677 392 749 451 negli-

80 460 161 513 genter
171 466 202 498 ex
212 452 292 497 itinere
303 466 409 511 nnpensa
420 452 524 504 humeris,
541 458 566 497 ut
580 453 637 498 inter
650 462 750 513 pacatos,

81 524 188 579 gerentes
196 531 265 567 mma
279 516 401 571 invadunt3
417 516 460 568 alii,
473 531 487 561 e
496 516 551 562 turri
561 518 608 577 q'us
618 525 690 577 portae
700 532 751 564 mu-

80 582 162 640 risque,
179 581 247 632 saxis,
265 580 361 630 sudibus,
377 579 436 639 pilis,
452 580 574 625 absterrent
584 580 678 626 hortem.
714 580 751 629 Ita

81 645 134 691 inde
148 643 267 691 Hannibal
281 642 368 689 suimet
380 644 428 704 ipse
439 642 517 689 fraude
529 652 605 705 captur
616 645 681 702 abiit;
698 660 750 706 pro-

81 707 200 769 iectusque
211 708 240 753 ad
250 706 375 754 locrorum
386 707 514 752 solvendam
527 707 668 762 obsidionem,
684 724 750 769 quam

83 770 178 820 Cincius
198 770 286 819 summi
303 772 334 823 vi,
354 772 455 832 operibus
470 778 675 833 tormentorumque
689 774 751 819 omni

81 852 167 899 gwere
176 851 207 883 ex
219 834 293 883 Sicilii
303 836 403 888 admo,
415 836 562 897 oppugnabat.
592 836 694 898 Magoni,
702 839 750 900 jani

82 902 142 949 baud
153 901 229 947 ferme
241 900 317 947 fidenti
332 907 468 945 retenturum
482 899 666 961 defensurumque
678 916 703 948 se
713 918 751 948 ur·

81 968 139 1020 bem,
160 966 235 1027 prima
251 980 307 1025 spes,
327 972 400 1009 morte
415 961 516 1009 nuntiati
532 962 642 1019 Marcelli,
658 964 749 1014 affirlsit.

83 1031 181 1077 Secutus
191 1029 245 1075 inde
254 1028 352 1081 nuntius,
364 1027 519 1080 flauminum,
533 1027 680 1075 Numidarum
688 1032 752 1092 oqui.

83 1102 131 1142 tatu
149 1094 277 1156 praemisso,
299 1093 379 1153 ipsum,
402 1099 508 1151 qnantum
529 1093 649 1139 accelerare
667 1103 749 1155 posset,

83 1174 134 1205 enm
145 1158 248 1220 peditum
259 1158 348 1218 agmine
359 1156 427 1216 sequi.
457 1154 536 1216 Itaque
546 1158 582 1202 ubi
592 1158 687 1217 primum
699 1157 750 1204 Nu-

82 1224 154 1270 midas
165 1222 227 1268 edito
238 1237 251 1266 e
261 1222 355 1281 speculis
366 1221 431 1280 signo
441 1220 559 1267 adventare
569 1222 645 1274 sensit,
662 1229 685 1268 et
695 1222 749 1284 ipse,

82 1285 195 1350 patefacti
205 1293 296 1346 repente
306 1282 377 1345 porti,
387 1283 451 1329 imon
461 1284 571 1331 inhostes
581 1287 682 1347 erumpit.
717 1286 751 1334 Et

82 1353 164 1414 primo,
180 1351 254 1411 magis
269 1349 320 1410 quia
333 1349 453 1409 improviso
468 1348 490 1395 id
504 1348 593 1402 iecerat,
611 1364 676 1410 quam
691 1352 752 1411 quod

83 1431 123 1479 par
135 1416 225 1461 viribus
238 1420 304 1466 esset,
321 1428 401 1473 anceps
417 1420 528 1460 certamen
543 1420 601 1459 erat:
624 1413 708 1469 deinde,
726 1424 752 1463 ut

82 1476 236 1543 nupervenire
246 1476 359 1529 Nunndae,
375 1485 449 1522 tantus
462 1492 532 1538 pavor
546 1476 655 1523 Romanis
669 1486 704 1525 est
717 1479 753 1525 in-

78 1547 162 1609 jectus,
180 1551 207 1589 ut
221 1542 303 1603 passim
316 1541 343 1587 ad
353 1556 414 1587 mare
423 1556 449 1587 ao
460 1556 528 1587 naves
537 1540 654 1602 lugerent3
672 1542 753 1591 relictis

84 1609 189 1671 operibus
200 1605 357 1665 machinisque,
373 1606 450 1665 quibus
463 1620 539 1651 muros
550 1606 681 1665 quatiebant.
717 1606 753 1655 Ita

85 1675 185 1721 adventu
198 1671 332 1717 Hannibalis
342 1670 415 1716 soluta
424 1668 548 1715 Locrorum
559 1671 642 1716 obsidio
652 1678 694 1717 eat.

115 1735 220 1784 XXIX.
234 1733 356 1795 Crispiana,
366 1742 482 1794 postquam
489 1734 512 1779 in
520 1734 621 1781 Bruttios
628 1736 752 1796 profectum

85 1801 241 1849 Hannibalem
252 1800 327 1850 sensit,
340 1799 468 1851 exercitum,
484 1799 519 1843 cui
530 1798 616 1859 collega
626 1800 752 1860 praefuerat,

86 1863 122 1914 Μ.
133 1863 273 1913 Marcellum
283 1863 395 1909 tribunum
406 1863 501 1922 militum
513 1862 635 1908 Venusiam
647 1864 754 1911 abducere

80 1932 166 1995 jussit:
185 1930 240 1990 ipse,
256 1942 308 1973 cum
322 1927 445 1987 legionibus
459 1927 505 1973 auis
519 1924 619 1987 Capuam
633 1926 753 1987 proiectus,

85 1997 125 2043 rix
140 1993 231 2042 loedeae
244 1992 387 2053 agitationem
401 2006 447 2051 prae
461 1992 570 2051 gramme
584 1991 701 2037 vulnerum
715 2006 755 2053 ps.

86 2062 152 2113 tiens,
165 2058 267 2105 Romam
277 2057 351 2101 literas
361 2055 389 2101 de
398 2064 471 2101 morte
479 2054 571 2115 collegae
580 2055 672 2116 scripsit,
685 2070 756 2116 quan·

86 2132 157 2187 toque
178 2123 228 2183 ipse
247 2122 272 2166 in
293 2120 418 2166 discrimine
435 2126 501 2165 esset.
540 2126 556 2147 ‘⁴
568 2119 599 2165 Se
616 2121 755 2168 comitiorum

87 2187 155 2237 mund
167 2202 215 2233 non
225 2200 292 2246 posse
302 2184 399 2231 Romam
411 2185 501 2239 vestire3
518 2182 569 2243 quia
583 2198 624 2229 nee
638 2185 681 2231 viae
695 2186 757 2232 iabo-

86 2268 134 2301 rem
145 2265 254 2315 passurus
264 2249 382 2299 videretur,
394 2256 417 2293 et
427 2248 455 2293 de
465 2247 563 2293 Tarento
574 2248 680 2293 sollicitus
690 2257 756 2303 esset,

9 2302 14 2319 ’
86 2332 116 2365 ne
125 2332 157 2364 ex
168 2315 267 2362 Bruttiis
277 2312 392 2359 Hannibal
401 2328 429 2358 eo
438 2320 578 2359 converteret
587 2324 675 2371 agmen.
711 2311 757 2358 Le·¹

86 2389 154 2444 gatos
171 2393 230 2441 opus
246 2392 295 2424 ease
311 2376 339 2423 ad
353 2392 379 2421 se
394 2376 462 2426 mitti,¹
478 2377 537 2421 viros
552 2376 685 2435 prudentem
705 2387 757 2423 eum

87 2447 176 2507 qmbus,
194 2458 247 2503 quae
262 2441 337 2492 vellet,
354 2440 383 2485 de
393 2455 418 2485 re
428 2436 675 2500 publicdloqueretur.”
710 2438 759 2485 Hae

87 2510 159 2560 literae
171 2508 272 2553 recitatae
281 2518 389 2565 magnum
399 2511 422 2550 et
432 2504 516 2547 luctum
528 2512 599 2548 morte
607 2501 696 2547 alterius
704 2516 760 2547 con-

90 2574 151 2627 mlia,
164 2579 189 2617 et
200 2577 286 2617 mettun
296 2570 325 2615 de
334 2568 405 2614 altero
413 2566 521 2613 fenerant.
548 2564 629 2624 ltaque
639 2571 662 2610 et
673 2564 704 2617 Q,
713 2564 759 2610 Fa·

90 2638 151 2687 h'um
165 2635 240 2683 lilium
254 2634 283 2683 ad
294 2631 418 2681 exercitum
427 2628 550 2676 Venusiam
560 2629 682 2685 miserunt3
698 2634 722 2674 et
732 2625 761 2672 ad

124 2712 235 2750 ron-m.
524 2706 539 2739 0
640 2724 643 2730 ·
