1850 2917
155 149 203 196 104
270 143 299 192 Τ.
314 143 402 194 LIVII
419 143 473 194 Lns.
487 144 571 195 XXV·
591 142 651 196 Cur.
665 146 704 192 37.

158 275 256 324 liendum
273 275 363 324 clitettoe
381 275 504 324 defuerant.
539 273 620 322 Ponet
638 273 749 322 exercitus
765 282 834 336 post-

158 355 225 402 quam
236 339 354 395 advenire,
371 342 394 388 in
405 343 517 388 tumulum
528 341 618 401 quidem
628 338 732 402 perfacile
745 355 834 402 agmen

159 402 264 454 erexdre:
283 408 413 454 munitionis
424 423 479 454 vero
488 406 556 453 facies
566 419 626 451 nova
636 405 708 466 primo
717 420 757 452 eos
767 405 835 450 velut

159 471 267 518 miraculo
282 472 378 532 quodam
394 473 473 525 tenuit,
491 485 543 518 eum
559 471 627 516 duces
638 469 735 530 undique
744 468 835 516 vocife-

161 543 270 590 serentur,
290 544 305 568 ‘⁴
316 536 378 591 Quid
389 536 490 584 starent?
507 543 531 583 et
541 550 587 582 non
595 535 712 580 ludibrium
720 534 782 587 illud.
792 534 835 580 vix

160 599 250 648 feminis
260 602 363 663 puerisve
373 602 486 648 morandis
497 601 551 648 satis
561 600 666 652 validum,
684 599 836 645 distraherent

161 666 341 729 diriperentque?
359 665 455 729 Captum
467 668 555 713 hostem
565 665 644 718 teneri,
660 665 767 710 latentem
780 671 837 725 poet

162 729 287 778 sarcines-’'
321 730 381 778 Haeo
392 732 523 778 contemtim
534 731 602 778 duces
612 730 767 790 increpabant:
787 744 836 775 ese-

161 803 243 850 terum,
261 811 334 856 neque
347 797 462 850 transilire,
481 811 554 857 neque
566 794 640 841 moliri
653 808 722 840 onera
738 793 836 855 objecta,

163 873 205 908 neo
215 861 302 908 caedere
312 861 403 924 stipatas
413 862 513 915 clitellas,
525 861 622 922 ipsisque
632 860 722 905 obrutas
731 857 836 912 sareinis,

145 968 146 972 ,
162 925 228 972 facile
239 933 293 972 erat.
328 925 431 974 Tardatis
445 927 483 974 diu
497 941 549 972 enm
563 924 655 971 amolita
668 924 754 986 objecta
765 937 839 970 onera

165 991 255 1038 armatis
274 989 386 1038 dedissent
404 992 471 1045 dam,
495 991 638 1052 plun'busque
655 988 714 1034 idem
735 988 839 1050 partibus

164 1053 235 1109 fieret,
253 1061 317 1116 oapta
323 1057 371 1118 jam
380 1057 477 1117 undique
487 1063 561 1102 onena
567 1061 644 1101 eram:
663 1052 727 1114 pauci
736 1053 765 1099 ab
776 1053 838 1098 mul·

166 1120 203 1174 tis,
227 1120 365 1182 perculsique
390 1137 404 1170 a
425 1121 553 1174 victoribus,
577 1118 659 1180 passim
683 1117 836 1165 wdebantur.

166 1183 256 1247 Magna
272 1201 324 1248 pars
339 1193 413 1232 tamen
427 1186 531 1239 militum,
548 1199 601 1231 cum
614 1184 638 1229 in
651 1183 788 1244 propinquas
800 1197 839 1228 re·

165 1249 263 1312 fugisset
281 1251 355 1305 silvas,
379 1251 402 1296 in
421 1258 495 1298 eastra
513 1249 542 1296 P.
563 1249 681 1310 Scipionis,
705 1248 785 1308 quibus
803 1246 836 1293 Τ.

168 1313 278 1364 Fonteius
296 1315 384 1377 legatus
401 1323 505 1377 praerat,
522 1313 675 1377 perfugenmt.
719 1311 764 1360 Cn.
785 1312 839 1360 Sci-

166 1377 257 1443 pionem
273 1380 309 1426 aiii
324 1380 347 1425 in
362 1380 449 1427 tumulo
464 1381 537 1442 primo
547 1380 632 1440 impetu
642 1377 740 1424 hostiurn
750 1392 839 1424 mum

167 1444 272 1491 tradunt:
291 1445 327 1492 eiii
335 1461 386 1492 oum
397 1445 473 1507 paneis
480 1446 504 1490 in
511 1443 657 1506 propinqum
667 1442 746 1488 eastris
755 1443 840 1488 turrim

166 1507 305 1572 perfugisse:
324 1511 381 1556 hane
391 1511 439 1572 igni
450 1509 615 1561 circumdatam,
632 1514 700 1568 atque
709 1507 742 1553 its
751 1507 841 1554 exustis

168 1573 259 1628 foribus,
272 1590 327 1636 quas
338 1573 399 1622 nunt
406 1575 479 1621 moliri
489 1580 611 1636 potuerunt
620 1573 651 1626 vi,
668 1578 755 1633 captam
761 1589 770 1629 ;
787 1587 841 1618 om·

169 1653 254 1699 nesque
270 1640 332 1686 intus
351 1655 402 1686 eum
420 1639 470 1702 ipso
488 1641 622 1701 imperatore
639 1637 731 1683 occisos.
766 1635 840 1684 Anno
921 1634 923 1637 ’

168 1710 257 1757 octavo,
274 1711 392 1766 postquam
403 1705 426 1750 in
438 1704 572 1766 Hispaniam
582 1708 681 1753 varmei,
694 1699 738 1749 Cn·
753 1701 839 1762 Scipi&

169 1767 345 1830 undetrigesimo
354 1769 388 1816 die
398 1776 450 1830 post
456 1769 532 1816 fratris
539 1776 642 1821 mortem,
654 1773 690 1813 est
698 1765 839 1812 interiectus.
918 1768 924 1819 ,’

169 1831 259 1880 Luctus
269 1849 298 1880 ex
308 1840 381 1880 morte
391 1848 469 1880 eorum
483 1848 529 1880 non
544 1832 630 1880 Romae
641 1833 713 1894 mqj0r
722 1845 789 1891 qnam
799 1846 843 1892 per

169 1904 241 1944 totam
257 1898 390 1962 Hispaniam
404 1898 454 1946 fuis
490 1898 552 1952 Quin
563 1898 622 1958 apud
631 1897 692 1942 nives
701 1903 788 1957 partem
798 1896 843 1943 do-

169 1962 224 2010 loris
235 1971 258 2010 et
268 1965 379 2010 exercitus
390 1963 472 2017 amissi,
489 1971 513 2010 et
522 1963 617 2009 alienata
625 1961 746 2024 provincia,
763 1967 787 2007 et
798 1976 842 2022 pu·

120 2031 125 2037 ‘
170 2027 228 2074 blica
245 2029 345 2075 trahebat
362 2029 448 2076 eludes:
468 2027 587 2089 Hispaniae
600 2028 661 2088 ipsos
678 2027 784 2088 lugebant
801 2026 842 2072 de·

170 2092 340 2154 siderabantque
350 2094 432 2140 duces:
453 2091 549 2140 Gnaeum
557 2099 633 2138 tamen
642 2090 723 2157 magis,
734 2105 780 2150 qno
790 2090 842 2136 din·

168 2157 216 2210 ,tius
234 2157 353 2219 praefuernt
366 2159 400 2211 iis,
418 2159 522 2220 priorque
533 2164 557 2203 et
570 2156 670 2203 favorem
685 2162 842 2216 oecuptvfflts
917 2134 921 2142 ·

170 2228 194 2268 et
205 2223 417 2285 specimenjustitiae
428 2223 624 2284 temperantiaque
634 2221 746 2268 Romane
753 2220 842 2282 primas
921 2272 924 2275 Α

169 2287 266 2334 dederat.

205 2351 342 2398 XXXVII.
358 2351 418 2401 Cum
429 2353 516 2400 deletus
522 2351 633 2399 exereitus
641 2348 842 2411 amissaeqneHis-

172 2418 246 2528 panim
267 2417 402 2471 viderentur,
426 2419 460 2465 vir
482 2433 540 2464 unus
561 2433 597 2464 res
617 2416 714 2478 perditas
735 2415 841 2462 restituit.
917 2410 921 2419 '

169 2533 172 2538 ¹
198 2489 231 2529 rat
249 2482 273 2528 in
292 2483 391 2529 exercitu
410 2482 438 2528 L.
455 2483 557 2530 Marcius
576 2481 670 2543 Septimi
686 2480 752 2533 iilius,
772 2494 844 2540 eques

172 2545 299 2601 Romanus,
316 2547 412 2610 impiger
421 2549 520 2610 juvenis,
538 2547 650 2607 animique
662 2552 686 2592 et
700 2545 785 2607 ingenii
800 2545 843 2592 aii-

172 2617 263 2674 qunnto,
275 2625 343 2672 quam
354 2627 395 2675 pro
405 2611 495 2660 fortuni
508 2615 532 2658 in
545 2610 589 2674 qud
599 2619 647 2659 erat
657 2617 731 2665 name,
739 2610 840 2673 majoris.

171 2677 210 2724 Ad
225 2691 335 2728 summum
352 2678 450 2728 indolem
467 2684 592 2727 aecumst
606 2675 651 2727 cn
667 2675 779 2740 Stipioms
795 2675 844 2724 dis·
920 2683 923 2688 “
