<?xml version="1.0" encoding="UTF-8"?>
<!DOCTYPE html PUBLIC "-//W3C//DTD XHTML 1.0 Transitional//EN"
    "http://www.w3.org/TR/xhtml1/DTD/xhtml1-transitional.dtd">
<html xmlns="http://www.w3.org/1999/xhtml" xml:lang="en" lang="en">
 <head>
  <title>
</title>
<meta http-equiv="Content-Type" content="text/html;charset=utf-8" />
  <meta name='ocr-system' content='tesseract 3.04.00' />
  <meta name='ocr-capabilities' content='ocr_page ocr_carea ocr_par ocr_line ocrx_word'/>
</head>
<body>
  <div class='ocr_page' id='page_1' title='image "./tliviipatavinih03caregoog_0231.png"; bbox 0 0 1850 2917; ppageno 0'>
   <div class='ocr_carea' id='block_1_1' title="bbox 169 145 738 219">
    <p class='ocr_par' dir='ltr' id='par_1_1' title="bbox 169 145 738 219">
     <span class='ocr_line' id='line_1_1' title="bbox 169 145 738 219; baseline -0.002 -1"><span class='ocrx_word' id='word_1_1' title='bbox 169 167 202 218; x_wconf 77' lang='grc' dir='ltr'><strong>Τ,</strong></span> <span class='ocrx_word' id='word_1_2' title='bbox 215 145 305 215; x_wconf 77' lang='lat' dir='ltr'><strong>mvn</strong></span> <span class='ocrx_word' id='word_1_3' title='bbox 320 166 374 217; x_wconf 74' lang='grc' dir='ltr'><strong>ιιι</strong></span> <span class='ocrx_word' id='word_1_4' title='bbox 387 168 499 219; x_wconf 81' lang='lat' dir='ltr'><strong>xxvu</strong></span> <span class='ocrx_word' id='word_1_5' title='bbox 519 168 630 219; x_wconf 65' lang='lat' dir='ltr'><strong>cmm.</strong></span> <span class='ocrx_word' id='word_1_6' title='bbox 687 174 738 217; x_wconf 81' lang='lat' dir='ltr'><strong>aas</strong></span> 
     </span>
    </p>
   </div>
   <div class='ocr_carea' id='block_1_2' title="bbox 74 298 746 683">
    <p class='ocr_par' dir='ltr' id='par_1_2' title="bbox 74 298 746 683">
     <span class='ocr_line' id='line_1_2' title="bbox 78 298 744 362; baseline -0.003 -15"><span class='ocrx_word' id='word_1_7' title='bbox 78 298 198 353; x_wconf 62' lang='lat' dir='ltr'><strong>cnm,</strong></span> <span class='ocrx_word' id='word_1_8' title='bbox 214 313 270 345; x_wconf 73' lang='lat' dir='ltr'><strong>mm</strong></span> <span class='ocrx_word' id='word_1_9' title='bbox 285 299 330 345; x_wconf 79' lang='lat' dir='ltr'><strong>duo</strong></span> <span class='ocrx_word' id='word_1_10' title='bbox 342 300 473 347; x_wconf 83' lang='lat' dir='ltr'><strong>consulares</strong></span> <span class='ocrx_word' id='word_1_11' title='bbox 488 300 598 347; x_wconf 82' lang='lat' dir='ltr'><strong>exercitus</strong></span> <span class='ocrx_word' id='word_1_12' title='bbox 614 306 660 346; x_wconf 81' lang='lat' dir='ltr'><strong>tam</strong></span> <span class='ocrx_word' id='word_1_13' title='bbox 674 314 744 362; x_wconf 87' lang='lat' dir='ltr'><strong>prope</strong></span> 
     </span>
     <span class='ocr_line' id='line_1_3' title="bbox 76 363 742 419; baseline -0.006 -6"><span class='ocrx_word' id='word_1_14' title='bbox 76 366 160 413; x_wconf 64' lang='lat' dir='ltr'><strong>husten</strong></span> <span class='ocrx_word' id='word_1_15' title='bbox 178 364 231 410; x_wconf 83' lang='lat' dir='ltr'><strong>sine</strong></span> <span class='ocrx_word' id='word_1_16' title='bbox 249 363 340 410; x_wconf 82' lang='lat' dir='ltr'><strong>ducibus</strong></span> <span class='ocrx_word' id='word_1_17' title='bbox 358 371 440 419; x_wconf 83' lang='lat' dir='ltr'><strong>essent,</strong></span> <span class='ocrx_word' id='word_1_18' title='bbox 460 366 562 411; x_wconf 88' lang='lat' dir='ltr'><strong>omnibus</strong></span> <span class='ocrx_word' id='word_1_19' title='bbox 581 365 628 411; x_wconf 91' lang='lat' dir='ltr'><strong>aliis</strong></span> <span class='ocrx_word' id='word_1_20' title='bbox 648 364 742 419; x_wconf 84' lang='lat' dir='ltr'><strong>omissis,</strong></span> 
     </span>
     <span class='ocr_line' id='line_1_4' title="bbox 74 427 746 491; baseline -0.003 -16"><span class='ocrx_word' id='word_1_21' title='bbox 74 444 117 475; x_wconf 82' lang='lat' dir='ltr'><strong>una</strong></span> <span class='ocrx_word' id='word_1_22' title='bbox 125 429 243 491; x_wconf 80' lang='lat' dir='ltr'><strong>praecipua</strong></span> <span class='ocrx_word' id='word_1_23' title='bbox 251 444 307 473; x_wconf 88' lang='lat' dir='ltr'><strong>cura</strong></span> <span class='ocrx_word' id='word_1_24' title='bbox 319 427 399 475; x_wconf 66' lang='lat' dir='ltr'><strong>Patres</strong></span> <span class='ocrx_word' id='word_1_25' title='bbox 412 431 562 491; x_wconf 83' lang='lat' dir='ltr'><strong>populumque</strong></span> <span class='ocrx_word' id='word_1_26' title='bbox 577 429 673 482; x_wconf 82' lang='lat' dir='ltr'>incessit,</span> <span class='ocrx_word' id='word_1_27' title='bbox 689 444 746 474; x_wconf 78' lang='lat' dir='ltr'><strong>con-</strong></span> 
     </span>
     <span class='ocr_line' id='line_1_5' title="bbox 75 493 745 557; baseline -0.001 -18"><span class='ocrx_word' id='word_1_28' title='bbox 75 494 132 539; x_wconf 78' lang='lat' dir='ltr'><strong>sules</strong></span> <span class='ocrx_word' id='word_1_29' title='bbox 141 493 219 555; x_wconf 91' lang='lat' dir='ltr'><strong>primo</strong></span> <span class='ocrx_word' id='word_1_30' title='bbox 229 508 319 553; x_wconf 85' lang='lat' dir='ltr'><strong>quoquc</strong></span> <span class='ocrx_word' id='word_1_31' title='bbox 328 500 428 555; x_wconf 88' lang='lat' dir='ltr'><strong>tempore</strong></span> <span class='ocrx_word' id='word_1_32' title='bbox 438 494 541 551; x_wconf 87' lang='lat' dir='ltr'><strong>creandi;</strong></span> <span class='ocrx_word' id='word_1_33' title='bbox 556 500 579 541; x_wconf 91' lang='lat' dir='ltr'><strong>et</strong></span> <span class='ocrx_word' id='word_1_34' title='bbox 590 501 614 539; x_wconf 91' lang='lat' dir='ltr'><strong>ut</strong></span> <span class='ocrx_word' id='word_1_35' title='bbox 625 508 664 539; x_wconf 86' lang='lat' dir='ltr'><strong>eos</strong></span> <span class='ocrx_word' id='word_1_36' title='bbox 674 494 745 557; x_wconf 66' lang='lat' dir='ltr'><strong>potin·</strong></span> 
     </span>
     <span class='ocr_line' id='line_1_6' title="bbox 75 556 745 617; baseline 0 -14"><span class='ocrx_word' id='word_1_37' title='bbox 75 573 155 603; x_wconf 66' lang='lat' dir='ltr'><strong>num</strong></span> <span class='ocrx_word' id='word_1_38' title='bbox 175 565 285 609; x_wconf 76' lang='lat' dir='ltr'><strong>crearent,</strong></span> <span class='ocrx_word' id='word_1_39' title='bbox 306 573 400 617; x_wconf 91' lang='lat' dir='ltr'><strong>quorum</strong></span> <span class='ocrx_word' id='word_1_40' title='bbox 419 560 490 605; x_wconf 84' lang='lat' dir='ltr'><strong>virtus</strong></span> <span class='ocrx_word' id='word_1_41' title='bbox 506 559 559 605; x_wconf 86' lang='lat' dir='ltr'><strong>satis</strong></span> <span class='ocrx_word' id='word_1_42' title='bbox 571 565 624 604; x_wconf 85' lang='lat' dir='ltr'><strong>tuta</strong></span> <span class='ocrx_word' id='word_1_43' title='bbox 640 573 653 604; x_wconf 87' lang='lat' dir='ltr'><strong>s</strong></span> <span class='ocrx_word' id='word_1_44' title='bbox 668 556 745 603; x_wconf 82' lang='lat' dir='ltr'><strong>fraude</strong></span> 
     </span>
     <span class='ocr_line' id='line_1_7' title="bbox 74 621 745 683; baseline -0.001 -15"><span class='ocrx_word' id='word_1_45' title='bbox 74 621 162 668; x_wconf 71' lang='lat' dir='ltr'><strong>Punice</strong></span> <span class='ocrx_word' id='word_1_46' title='bbox 171 629 256 678; x_wconf 58' lang='lat' dir='ltr'><strong>esseio</strong></span> <span class='ocrx_word' id='word_1_47' title='bbox 267 629 343 668; x_wconf 86' lang='lat' dir='ltr'><strong>“oum</strong></span> <span class='ocrx_word' id='word_1_48' title='bbox 358 631 405 669; x_wconf 81' lang='lat' dir='ltr'><strong>toto</strong></span> <span class='ocrx_word' id='word_1_49' title='bbox 419 639 447 669; x_wconf 83' lang='lat' dir='ltr'><strong>eo</strong></span> <span class='ocrx_word' id='word_1_50' title='bbox 461 623 519 669; x_wconf 87' lang='lat' dir='ltr'><strong>bello</strong></span> <span class='ocrx_word' id='word_1_51' title='bbox 530 624 636 669; x_wconf 85' lang='lat' dir='ltr'><strong>damnosa</strong></span> <span class='ocrx_word' id='word_1_52' title='bbox 646 637 745 683; x_wconf 81' lang='lat' dir='ltr'><strong>praepro-</strong></span> 
     </span>
    </p>
   </div>
   <div class='ocr_carea' id='block_1_3' title="bbox 73 686 829 751">
    <p class='ocr_par' dir='ltr' id='par_1_3' title="bbox 73 686 829 751">
     <span class='ocr_line' id='line_1_8' title="bbox 73 686 829 751; baseline -0.001 -18"><span class='ocrx_word' id='word_1_53' title='bbox 73 702 125 749; x_wconf 87' lang='lat' dir='ltr'><strong>pera</strong></span> <span class='ocrx_word' id='word_1_54' title='bbox 135 702 164 733; x_wconf 88' lang='lat' dir='ltr'><strong>ac</strong></span> <span class='ocrx_word' id='word_1_55' title='bbox 173 686 263 733; x_wconf 80' lang='lat' dir='ltr'><strong>fervida</strong></span> <span class='ocrx_word' id='word_1_56' title='bbox 272 687 362 748; x_wconf 87' lang='lat' dir='ltr'><strong>ingenia</strong></span> <span class='ocrx_word' id='word_1_57' title='bbox 371 689 529 749; x_wconf 84' lang='lat' dir='ltr'><strong>imperatorum</strong></span> <span class='ocrx_word' id='word_1_58' title='bbox 541 688 641 739; x_wconf 86' lang='lat' dir='ltr'><strong>fuissent,</strong></span> <span class='ocrx_word' id='word_1_59' title='bbox 659 694 706 732; x_wconf 90' lang='lat' dir='ltr'><strong>tum</strong></span> <span class='ocrx_word' id='word_1_60' title='bbox 716 702 745 733; x_wconf 86' lang='lat' dir='ltr'><strong>eo</strong></span> <span class='ocrx_word' id='word_1_61' title='bbox 786 739 790 745; x_wconf 27' lang='lat'><strong><em>⁴</em></strong></span> <span class='ocrx_word' id='word_1_62' title='bbox 826 742 829 751; x_wconf 91' lang='lat'><em>.</em></span> 
     </span>
    </p>
   </div>
   <div class='ocr_carea' id='block_1_4' title="bbox 73 750 746 941">
    <p class='ocr_par' dir='ltr' id='par_1_4' title="bbox 73 750 746 941">
     <span class='ocr_line' id='line_1_9' title="bbox 73 750 746 813; baseline 0 -16"><span class='ocrx_word' id='word_1_63' title='bbox 73 754 121 813; x_wconf 86' lang='lat' dir='ltr'><strong>ipso</strong></span> <span class='ocrx_word' id='word_1_64' title='bbox 131 766 195 797; x_wconf 87' lang='lat' dir='ltr'><strong>anno</strong></span> <span class='ocrx_word' id='word_1_65' title='bbox 208 752 319 804; x_wconf 81' lang='lat' dir='ltr'><strong>consules,</strong></span> <span class='ocrx_word' id='word_1_66' title='bbox 335 750 403 798; x_wconf 74' lang='lat' dir='ltr'><strong>nimii</strong></span> <span class='ocrx_word' id='word_1_67' title='bbox 417 753 535 813; x_wconf 83' lang='lat' dir='ltr'><strong>cupiditate</strong></span> <span class='ocrx_word' id='word_1_68' title='bbox 549 751 678 799; x_wconf 89' lang='lat' dir='ltr'><strong>conserendi</strong></span> <span class='ocrx_word' id='word_1_69' title='bbox 693 766 746 797; x_wconf 87' lang='lat' dir='ltr'><strong>cum</strong></span> 
     </span>
     <span class='ocr_line' id='line_1_10' title="bbox 73 815 742 879; baseline 0 -17"><span class='ocrx_word' id='word_1_70' title='bbox 73 817 138 864; x_wconf 83' lang='lat' dir='ltr'><strong>hoste</strong></span> <span class='ocrx_word' id='word_1_71' title='bbox 151 831 256 868; x_wconf 88' lang='lat' dir='ltr'><strong>manum,</strong></span> <span class='ocrx_word' id='word_1_72' title='bbox 273 817 297 861; x_wconf 93' lang='lat' dir='ltr'><strong>in</strong></span> <span class='ocrx_word' id='word_1_73' title='bbox 312 818 465 879; x_wconf 75' lang='lat' dir='ltr'><strong>necopinatam</strong></span> <span class='ocrx_word' id='word_1_74' title='bbox 479 815 578 863; x_wconf 79' lang='lat' dir='ltr'><strong>fraudem</strong></span> <span class='ocrx_word' id='word_1_75' title='bbox 593 818 667 877; x_wconf 93' lang='lat' dir='ltr'><strong>lapsos</strong></span> <span class='ocrx_word' id='word_1_76' title='bbox 677 830 742 862; x_wconf 83' lang='lat' dir='ltr'><strong>esse:</strong></span> 
     </span>
     <span class='ocr_line' id='line_1_11' title="bbox 73 880 744 941; baseline 0 -14"><span class='ocrx_word' id='word_1_77' title='bbox 73 888 182 927; x_wconf 72' lang='lat' dir='ltr'><strong>centenam</strong></span> <span class='ocrx_word' id='word_1_78' title='bbox 188 880 257 941; x_wconf 82' lang='lat' dir='ltr'><strong>Deos</strong></span> <span class='ocrx_word' id='word_1_79' title='bbox 264 882 406 934; x_wconf 81' lang='lat' dir='ltr'><strong>immortales,</strong></span> <span class='ocrx_word' id='word_1_80' title='bbox 416 881 526 933; x_wconf 79' lang='lat' dir='ltr'><strong>nriseritos</strong></span> <span class='ocrx_word' id='word_1_81' title='bbox 535 880 630 927; x_wconf 89' lang='lat' dir='ltr'><strong>nominis</strong></span> <span class='ocrx_word' id='word_1_82' title='bbox 637 880 744 934; x_wconf 85' lang='lat' dir='ltr'><strong>Romani,</strong></span> 
     </span>
    </p>
   </div>
   <div class='ocr_carea' id='block_1_5' title="bbox 6 945 745 1007">
    <p class='ocr_par' dir='ltr' id='par_1_5' title="bbox 6 945 745 1007">
     <span class='ocr_line' id='line_1_12' title="bbox 6 945 745 1007; baseline 0.001 -17"><span class='ocrx_word' id='word_1_83' title='bbox 6 987 7 990; x_wconf 75' lang='grc'>,</span> <span class='ocrx_word' id='word_1_84' title='bbox 71 946 201 1007; x_wconf 79' lang='lat' dir='ltr'><strong>pepercisse</strong></span> <span class='ocrx_word' id='word_1_85' title='bbox 210 945 308 991; x_wconf 77' lang='lat' dir='ltr'>innoxiis</span> <span class='ocrx_word' id='word_1_86' title='bbox 315 946 459 1002; x_wconf 77' lang='lat' dir='ltr'><strong>exercitibus3</strong></span> <span class='ocrx_word' id='word_1_87' title='bbox 474 947 620 992; x_wconf 66' lang='lat' dir='ltr'><strong>teneritatem</strong></span> <span class='ocrx_word' id='word_1_88' title='bbox 628 946 745 993; x_wconf 87' lang='lat' dir='ltr'><strong>consulum</strong></span> 
     </span>
    </p>
   </div>
   <div class='ocr_carea' id='block_1_6' title="bbox 72 1008 749 2040">
    <p class='ocr_par' dir='ltr' id='par_1_6' title="bbox 72 1008 448 1072">
     <span class='ocr_line' id='line_1_13' title="bbox 72 1008 448 1072; baseline 0.003 -16"><span class='ocrx_word' id='word_1_89' title='bbox 72 1011 174 1072; x_wconf 88' lang='lat' dir='ltr'><strong>ipsorum</strong></span> <span class='ocrx_word' id='word_1_90' title='bbox 185 1010 294 1069; x_wconf 73' lang='lat' dir='ltr'>capitibus</span> <span class='ocrx_word' id='word_1_91' title='bbox 305 1008 448 1057; x_wconf 79' lang='lat' dir='ltr'><strong>damnisse”</strong></span> 
     </span>
    </p>

    <p class='ocr_par' dir='ltr' id='par_1_7' title="bbox 72 1072 749 2040">
     <span class='ocr_line' id='line_1_14' title="bbox 105 1072 744 1136; baseline 0.002 -16"><span class='ocrx_word' id='word_1_92' title='bbox 105 1072 235 1120; x_wconf 84' lang='lat' dir='ltr'>XXXIV.</span> <span class='ocrx_word' id='word_1_93' title='bbox 253 1072 314 1123; x_wconf 89' lang='lat' dir='ltr'><strong>Cum</strong></span> <span class='ocrx_word' id='word_1_94' title='bbox 327 1075 521 1136; x_wconf 77' lang='lat' dir='ltr'><strong>circumspicerent</strong></span> <span class='ocrx_word' id='word_1_95' title='bbox 535 1074 620 1128; x_wconf 84' lang='lat' dir='ltr'><strong>Patres,</strong></span> <span class='ocrx_word' id='word_1_96' title='bbox 637 1090 744 1135; x_wconf 88' lang='lat' dir='ltr'><strong>quosnam</strong></span> 
     </span>
     <span class='ocr_line' id='line_1_15' title="bbox 73 1138 745 1200; baseline 0 -15"><span class='ocrx_word' id='word_1_97' title='bbox 73 1140 179 1185; x_wconf 81' lang='lat' dir='ltr'><strong>consules</strong></span> <span class='ocrx_word' id='word_1_98' title='bbox 189 1138 296 1190; x_wconf 80' lang='lat' dir='ltr'><strong>facerent,</strong></span> <span class='ocrx_word' id='word_1_99' title='bbox 311 1140 380 1200; x_wconf 82' lang='lat' dir='ltr'><strong>longe</strong></span> <span class='ocrx_word' id='word_1_100' title='bbox 390 1147 442 1186; x_wconf 88' lang='lat' dir='ltr'><strong>ante</strong></span> <span class='ocrx_word' id='word_1_101' title='bbox 452 1140 507 1185; x_wconf 85' lang='lat' dir='ltr'><strong>alios</strong></span> <span class='ocrx_word' id='word_1_102' title='bbox 517 1140 627 1185; x_wconf 79' lang='lat' dir='ltr'><strong>eminebat</strong></span> <span class='ocrx_word' id='word_1_103' title='bbox 638 1138 666 1187; x_wconf 88' lang='lat' dir='ltr'><strong>C.</strong></span> <span class='ocrx_word' id='word_1_104' title='bbox 676 1138 745 1187; x_wconf 85' lang='lat' dir='ltr'><strong>Clau-</strong></span> 
     </span>
     <span class='ocr_line' id='line_1_16' title="bbox 73 1202 745 1265; baseline -0.001 -15"><span class='ocrx_word' id='word_1_105' title='bbox 73 1205 123 1250; x_wconf 85' lang='lat' dir='ltr'><strong>dius</strong></span> <span class='ocrx_word' id='word_1_106' title='bbox 132 1202 210 1249; x_wconf 86' lang='lat' dir='ltr'><strong>Nero.</strong></span> <span class='ocrx_word' id='word_1_107' title='bbox 237 1203 268 1249; x_wconf 83' lang='lat' dir='ltr'><strong>Ei</strong></span> <span class='ocrx_word' id='word_1_108' title='bbox 278 1204 365 1265; x_wconf 83' lang='lat' dir='ltr'><strong>collega</strong></span> <span class='ocrx_word' id='word_1_109' title='bbox 374 1205 525 1263; x_wconf 85' lang='lat' dir='ltr'><strong>quaerebatur;</strong></span> <span class='ocrx_word' id='word_1_110' title='bbox 540 1211 563 1249; x_wconf 89' lang='lat' dir='ltr'><strong>et</strong></span> <span class='ocrx_word' id='word_1_111' title='bbox 573 1203 645 1249; x_wconf 84' lang='lat' dir='ltr'><strong>virum</strong></span> <span class='ocrx_word' id='word_1_112' title='bbox 656 1204 745 1263; x_wconf 87' lang='lat' dir='ltr'><strong>quidem</strong></span> 
     </span>
     <span class='ocr_line' id='line_1_17' title="bbox 73 1268 744 1329; baseline -0.001 -14"><span class='ocrx_word' id='word_1_113' title='bbox 73 1284 125 1315; x_wconf 85' lang='lat' dir='ltr'><strong>eum</strong></span> <span class='ocrx_word' id='word_1_114' title='bbox 133 1268 255 1329; x_wconf 86' lang='lat' dir='ltr'><strong>egregium</strong></span> <span class='ocrx_word' id='word_1_115' title='bbox 262 1268 377 1321; x_wconf 86' lang='lat' dir='ltr'><strong>ducebant,</strong></span> <span class='ocrx_word' id='word_1_116' title='bbox 390 1268 429 1313; x_wconf 87' lang='lat' dir='ltr'><strong>sed</strong></span> <span class='ocrx_word' id='word_1_117' title='bbox 436 1269 579 1329; x_wconf 90' lang='lat' dir='ltr'><strong>promtiorem</strong></span> <span class='ocrx_word' id='word_1_118' title='bbox 588 1269 744 1328; x_wconf 72' lang='lat' dir='ltr'><strong>acrioremque,</strong></span> 
     </span>
     <span class='ocr_line' id='line_1_18' title="bbox 73 1332 742 1393; baseline 0 -14"><span class='ocrx_word' id='word_1_119' title='bbox 73 1348 141 1393; x_wconf 83' lang='lat' dir='ltr'><strong>quam</strong></span> <span class='ocrx_word' id='word_1_120' title='bbox 153 1340 257 1393; x_wconf 84' lang='lat' dir='ltr'><strong>tempora</strong></span> <span class='ocrx_word' id='word_1_121' title='bbox 265 1332 316 1378; x_wconf 93' lang='lat' dir='ltr'><strong>belli</strong></span> <span class='ocrx_word' id='word_1_122' title='bbox 326 1333 469 1393; x_wconf 79' lang='lat' dir='ltr'><strong>postularent,</strong></span> <span class='ocrx_word' id='word_1_123' title='bbox 486 1341 524 1379; x_wconf 86' lang='lat' dir='ltr'><strong>aut</strong></span> <span class='ocrx_word' id='word_1_124' title='bbox 534 1334 604 1379; x_wconf 88' lang='lat' dir='ltr'><strong>hostis</strong></span> <span class='ocrx_word' id='word_1_125' title='bbox 615 1332 742 1379; x_wconf 80' lang='lat' dir='ltr'><strong>Hannibal:</strong></span> 
     </span>
     <span class='ocr_line' id='line_1_19' title="bbox 75 1397 746 1459; baseline -0.001 -15"><span class='ocrx_word' id='word_1_126' title='bbox 75 1397 247 1459; x_wconf 79' lang='lat' dir='ltr'><strong>temperandum</strong></span> <span class='ocrx_word' id='word_1_127' title='bbox 262 1412 313 1443; x_wconf 77' lang='lat' dir='ltr'><strong>acre</strong></span> <span class='ocrx_word' id='word_1_128' title='bbox 329 1398 376 1458; x_wconf 88' lang='lat' dir='ltr'><strong>ejus</strong></span> <span class='ocrx_word' id='word_1_129' title='bbox 392 1397 508 1459; x_wconf 86' lang='lat' dir='ltr'><strong>ingenium</strong></span> <span class='ocrx_word' id='word_1_130' title='bbox 524 1398 638 1444; x_wconf 85' lang='lat' dir='ltr'><strong>moderato</strong></span> <span class='ocrx_word' id='word_1_131' title='bbox 654 1404 677 1443; x_wconf 91' lang='lat' dir='ltr'><strong>et</strong></span> <span class='ocrx_word' id='word_1_132' title='bbox 692 1413 746 1458; x_wconf 90' lang='lat' dir='ltr'><strong>pru-</strong></span> 
     </span>
     <span class='ocr_line' id='line_1_20' title="bbox 74 1460 745 1524; baseline -0.003 -15"><span class='ocrx_word' id='word_1_133' title='bbox 74 1463 135 1509; x_wconf 79' lang='lat' dir='ltr'><strong>denti</strong></span> <span class='ocrx_word' id='word_1_134' title='bbox 153 1462 205 1507; x_wconf 88' lang='lat' dir='ltr'><strong>viro</strong></span> <span class='ocrx_word' id='word_1_135' title='bbox 224 1460 328 1522; x_wconf 83' lang='lat' dir='ltr'><strong>adjuncto</strong></span> <span class='ocrx_word' id='word_1_136' title='bbox 347 1460 433 1524; x_wconf 77' lang='lat' dir='ltr'><strong>collegi</strong></span> <span class='ocrx_word' id='word_1_137' title='bbox 451 1464 577 1508; x_wconf 82' lang='lat' dir='ltr'><strong>censebant.</strong></span> <span class='ocrx_word' id='word_1_138' title='bbox 612 1460 648 1507; x_wconf 91' lang='lat' dir='ltr'><strong>M.</strong></span> <span class='ocrx_word' id='word_1_139' title='bbox 665 1461 745 1507; x_wconf 89' lang='lat' dir='ltr'><strong>Livius</strong></span> 
     </span>
     <span class='ocr_line' id='line_1_21' title="bbox 74 1524 749 1587; baseline 0 -15"><span class='ocrx_word' id='word_1_140' title='bbox 74 1534 129 1580; x_wconf 85' lang='lat' dir='ltr'><strong>erat,</strong></span> <span class='ocrx_word' id='word_1_141' title='bbox 150 1526 230 1572; x_wconf 89' lang='lat' dir='ltr'><strong>multis</strong></span> <span class='ocrx_word' id='word_1_142' title='bbox 246 1533 298 1571; x_wconf 89' lang='lat' dir='ltr'><strong>ante</strong></span> <span class='ocrx_word' id='word_1_143' title='bbox 313 1526 377 1571; x_wconf 86' lang='lat' dir='ltr'><strong>annis</strong></span> <span class='ocrx_word' id='word_1_144' title='bbox 392 1541 422 1572; x_wconf 85' lang='lat' dir='ltr'><strong>ex</strong></span> <span class='ocrx_word' id='word_1_145' title='bbox 437 1526 553 1573; x_wconf 79' lang='lat' dir='ltr'><strong>consulatu</strong></span> <span class='ocrx_word' id='word_1_146' title='bbox 572 1524 647 1587; x_wconf 85' lang='lat' dir='ltr'><strong>populi</strong></span> <span class='ocrx_word' id='word_1_147' title='bbox 661 1525 749 1587; x_wconf 62' lang='lat' dir='ltr'><strong>judicio,</strong></span> 
     </span>
     <span class='ocr_line' id='line_1_22' title="bbox 75 1589 746 1652; baseline -0.003 -15"><span class='ocrx_word' id='word_1_148' title='bbox 75 1591 210 1637; x_wconf 71' lang='lat' dir='ltr'><strong>damnabas:</strong></span> <span class='ocrx_word' id='word_1_149' title='bbox 229 1604 296 1649; x_wconf 85' lang='lat' dir='ltr'><strong>quam</strong></span> <span class='ocrx_word' id='word_1_150' title='bbox 310 1590 454 1651; x_wconf 83' lang='lat' dir='ltr'><strong>ignominiam</strong></span> <span class='ocrx_word' id='word_1_151' title='bbox 470 1591 525 1637; x_wconf 86' lang='lat' dir='ltr'><strong>adeo</strong></span> <span class='ocrx_word' id='word_1_152' title='bbox 540 1606 601 1652; x_wconf 86' lang='lat' dir='ltr'><strong>aegre</strong></span> <span class='ocrx_word' id='word_1_153' title='bbox 616 1589 702 1643; x_wconf 78' lang='lat' dir='ltr'><strong>tulerat,</strong></span> <span class='ocrx_word' id='word_1_154' title='bbox 721 1597 746 1635; x_wconf 94' lang='lat' dir='ltr'><strong>ut</strong></span> 
     </span>
     <span class='ocr_line' id='line_1_23' title="bbox 75 1654 746 1716; baseline -0.004 -14"><span class='ocrx_word' id='word_1_155' title='bbox 75 1663 98 1702; x_wconf 88' lang='lat' dir='ltr'><strong>et</strong></span> <span class='ocrx_word' id='word_1_156' title='bbox 108 1671 148 1701; x_wconf 92' lang='lat' dir='ltr'><strong>rus</strong></span> <span class='ocrx_word' id='word_1_157' title='bbox 159 1655 275 1716; x_wconf 83' lang='lat' dir='ltr'><strong>migraret,</strong></span> <span class='ocrx_word' id='word_1_158' title='bbox 287 1661 310 1700; x_wconf 89' lang='lat' dir='ltr'><strong>et</strong></span> <span class='ocrx_word' id='word_1_159' title='bbox 319 1670 359 1715; x_wconf 92' lang='lat' dir='ltr'><strong>per</strong></span> <span class='ocrx_word' id='word_1_160' title='bbox 369 1656 452 1701; x_wconf 89' lang='lat' dir='ltr'><strong>multos</strong></span> <span class='ocrx_word' id='word_1_161' title='bbox 462 1670 533 1701; x_wconf 88' lang='lat' dir='ltr'><strong>annos</strong></span> <span class='ocrx_word' id='word_1_162' title='bbox 544 1662 566 1701; x_wconf 92' lang='lat' dir='ltr'><strong>et</strong></span> <span class='ocrx_word' id='word_1_163' title='bbox 579 1654 641 1702; x_wconf 87' lang='lat' dir='ltr'><strong>Urbe</strong></span> <span class='ocrx_word' id='word_1_164' title='bbox 651 1662 674 1701; x_wconf 92' lang='lat' dir='ltr'><strong>et</strong></span> <span class='ocrx_word' id='word_1_165' title='bbox 685 1655 746 1700; x_wconf 90' lang='lat' dir='ltr'><strong>omni</strong></span> 
     </span>
     <span class='ocr_line' id='line_1_24' title="bbox 75 1718 746 1782; baseline -0.004 -15"><span class='ocrx_word' id='word_1_166' title='bbox 75 1728 136 1767; x_wconf 83' lang='lat' dir='ltr'><strong>coetu</strong></span> <span class='ocrx_word' id='word_1_167' title='bbox 152 1718 241 1766; x_wconf 68' lang='lat' dir='ltr'><strong>careret</strong></span> <span class='ocrx_word' id='word_1_168' title='bbox 254 1720 376 1764; x_wconf 84' lang='lat' dir='ltr'><strong>hominurn.</strong></span> <span class='ocrx_word' id='word_1_169' title='bbox 412 1719 499 1766; x_wconf 80' lang='lat' dir='ltr'><strong>Octavo</strong></span> <span class='ocrx_word' id='word_1_170' title='bbox 513 1720 583 1767; x_wconf 81' lang='lat' dir='ltr'><strong>fenne</strong></span> <span class='ocrx_word' id='word_1_171' title='bbox 593 1728 644 1782; x_wconf 87' lang='lat' dir='ltr'><strong>post</strong></span> <span class='ocrx_word' id='word_1_172' title='bbox 655 1719 746 1765; x_wconf 87' lang='lat' dir='ltr'><strong>damna-</strong></span> 
     </span>
     <span class='ocr_line' id='line_1_25' title="bbox 75 1782 747 1833; baseline -0.003 -2"><span class='ocrx_word' id='word_1_173' title='bbox 75 1786 161 1831; x_wconf 88' lang='lat' dir='ltr'><strong>tionem</strong></span> <span class='ocrx_word' id='word_1_174' title='bbox 176 1799 238 1830; x_wconf 88' lang='lat' dir='ltr'><strong>anno</strong></span> <span class='ocrx_word' id='word_1_175' title='bbox 252 1783 289 1829; x_wconf 88' lang='lat' dir='ltr'><strong>M.</strong></span> <span class='ocrx_word' id='word_1_176' title='bbox 301 1782 408 1832; x_wconf 86' lang='lat' dir='ltr'><strong>Claudius</strong></span> <span class='ocrx_word' id='word_1_177' title='bbox 422 1784 544 1833; x_wconf 80' lang='lat' dir='ltr'><strong>Marcellus</strong></span> <span class='ocrx_word' id='word_1_178' title='bbox 559 1792 581 1831; x_wconf 89' lang='lat' dir='ltr'><strong>et</strong></span> <span class='ocrx_word' id='word_1_179' title='bbox 596 1784 631 1829; x_wconf 90' lang='lat' dir='ltr'><strong>M.</strong></span> <span class='ocrx_word' id='word_1_180' title='bbox 643 1784 747 1831; x_wconf 85' lang='lat' dir='ltr'><strong>Valerius</strong></span> 
     </span>
     <span class='ocr_line' id='line_1_26' title="bbox 76 1848 747 1897; baseline -0.006 0"><span class='ocrx_word' id='word_1_181' title='bbox 76 1849 188 1897; x_wconf 76' lang='lat' dir='ltr'><strong>Laevinm</strong></span> <span class='ocrx_word' id='word_1_182' title='bbox 206 1849 309 1894; x_wconf 84' lang='lat' dir='ltr'><strong>consules</strong></span> <span class='ocrx_word' id='word_1_183' title='bbox 324 1849 458 1895; x_wconf 87' lang='lat' dir='ltr'><strong>reduxerant</strong></span> <span class='ocrx_word' id='word_1_184' title='bbox 473 1864 524 1895; x_wconf 84' lang='lat' dir='ltr'><strong>eum</strong></span> <span class='ocrx_word' id='word_1_185' title='bbox 540 1850 564 1894; x_wconf 90' lang='lat' dir='ltr'><strong>in</strong></span> <span class='ocrx_word' id='word_1_186' title='bbox 581 1848 682 1894; x_wconf 89' lang='lat' dir='ltr'><strong>Urbem:</strong></span> <span class='ocrx_word' id='word_1_187' title='bbox 707 1848 747 1893; x_wconf 87' lang='lat' dir='ltr'><strong>sed</strong></span> 
     </span>
     <span class='ocr_line' id='line_1_27' title="bbox 74 1911 747 1975; baseline -0.006 -14"><span class='ocrx_word' id='word_1_188' title='bbox 74 1923 122 1961; x_wconf 82' lang='lat' dir='ltr'><strong>erat</strong></span> <span class='ocrx_word' id='word_1_189' title='bbox 132 1921 199 1960; x_wconf 84' lang='lat' dir='ltr'><strong>veste</strong></span> <span class='ocrx_word' id='word_1_190' title='bbox 210 1911 315 1966; x_wconf 79' lang='lat' dir='ltr'><strong>obsoleti,</strong></span> <span class='ocrx_word' id='word_1_191' title='bbox 327 1914 448 1975; x_wconf 84' lang='lat' dir='ltr'><strong>capilloque</strong></span> <span class='ocrx_word' id='word_1_192' title='bbox 458 1911 555 1959; x_wconf 76' lang='lat' dir='ltr'><strong>etbarbai</strong></span> <span class='ocrx_word' id='word_1_193' title='bbox 562 1911 676 1973; x_wconf 78' lang='lat' dir='ltr'><strong>promissi,</strong></span> <span class='ocrx_word' id='word_1_194' title='bbox 688 1927 747 1972; x_wconf 82' lang='lat' dir='ltr'><strong>prae-</strong></span> 
     </span>
     <span class='ocr_line' id='line_1_28' title="bbox 72 1976 747 2040; baseline -0.006 -16"><span class='ocrx_word' id='word_1_195' title='bbox 72 1979 149 2026; x_wconf 82' lang='lat' dir='ltr'><strong>ferens</strong></span> <span class='ocrx_word' id='word_1_196' title='bbox 165 1979 190 2024; x_wconf 90' lang='lat' dir='ltr'><strong>in</strong></span> <span class='ocrx_word' id='word_1_197' title='bbox 204 1978 270 2035; x_wconf 83' lang='lat' dir='ltr'><strong>vultu</strong></span> <span class='ocrx_word' id='word_1_198' title='bbox 284 1978 402 2038; x_wconf 84' lang='lat' dir='ltr'><strong>habituque</strong></span> <span class='ocrx_word' id='word_1_199' title='bbox 416 1980 527 2040; x_wconf 86' lang='lat' dir='ltr'><strong>insignem</strong></span> <span class='ocrx_word' id='word_1_200' title='bbox 542 1977 671 2023; x_wconf 88' lang='lat' dir='ltr'><strong>memoriam</strong></span> <span class='ocrx_word' id='word_1_201' title='bbox 681 1976 747 2037; x_wconf 83' lang='lat' dir='ltr'><strong>igno·</strong></span> 
     </span>
    </p>
   </div>
   <div class='ocr_carea' id='block_1_7' title="bbox 73 2040 844 2103">
    <p class='ocr_par' dir='ltr' id='par_1_8' title="bbox 73 2040 844 2103">
     <span class='ocr_line' id='line_1_29' title="bbox 73 2040 844 2103; baseline -0.008 -12"><span class='ocrx_word' id='word_1_202' title='bbox 73 2044 151 2091; x_wconf 79' lang='lat' dir='ltr'><strong>minias</strong></span> <span class='ocrx_word' id='word_1_203' title='bbox 163 2049 270 2103; x_wconf 74' lang='lat' dir='ltr'><strong>accepta.</strong></span> <span class='ocrx_word' id='word_1_204' title='bbox 302 2040 450 2089; x_wconf 85' lang='lat' dir='ltr'><strong>LVeturius</strong></span> <span class='ocrx_word' id='word_1_205' title='bbox 461 2052 484 2089; x_wconf 92' lang='lat' dir='ltr'><strong>et</strong></span> <span class='ocrx_word' id='word_1_206' title='bbox 496 2041 523 2088; x_wconf 91' lang='lat' dir='ltr'><strong>P.</strong></span> <span class='ocrx_word' id='word_1_207' title='bbox 533 2041 634 2088; x_wconf 88' lang='lat' dir='ltr'><strong>Licinius</strong></span> <span class='ocrx_word' id='word_1_208' title='bbox 644 2053 748 2087; x_wconf 82' lang='lat' dir='ltr'><strong>censores</strong></span> <span class='ocrx_word' id='word_1_209' title='bbox 842 2059 844 2069; x_wconf 63' lang='lat'><strong>⁴</strong></span> 
     </span>
    </p>
   </div>
   <div class='ocr_carea' id='block_1_8' title="bbox 72 2107 758 2752">
    <p class='ocr_par' dir='ltr' id='par_1_9' title="bbox 72 2107 758 2752">
     <span class='ocr_line' id='line_1_30' title="bbox 73 2107 747 2169; baseline -0.006 -14"><span class='ocrx_word' id='word_1_210' title='bbox 73 2124 127 2155; x_wconf 89' lang='lat' dir='ltr'><strong>enm</strong></span> <span class='ocrx_word' id='word_1_211' title='bbox 141 2107 240 2160; x_wconf 83' lang='lat' dir='ltr'><strong>tonderi,</strong></span> <span class='ocrx_word' id='word_1_212' title='bbox 255 2113 281 2153; x_wconf 83' lang='lat' dir='ltr'><strong>et</strong></span> <span class='ocrx_word' id='word_1_213' title='bbox 295 2108 419 2168; x_wconf 74' lang='lat' dir='ltr'><strong>squalorem</strong></span> <span class='ocrx_word' id='word_1_214' title='bbox 433 2108 550 2169; x_wconf 86' lang='lat' dir='ltr'><strong>deponere,</strong></span> <span class='ocrx_word' id='word_1_215' title='bbox 568 2113 591 2153; x_wconf 90' lang='lat' dir='ltr'><strong>et</strong></span> <span class='ocrx_word' id='word_1_216' title='bbox 606 2107 629 2151; x_wconf 94' lang='lat' dir='ltr'><strong>in</strong></span> <span class='ocrx_word' id='word_1_217' title='bbox 646 2113 747 2153; x_wconf 86' lang='lat' dir='ltr'><strong>senatum</strong></span> 
     </span>
     <span class='ocr_line' id='line_1_31' title="bbox 74 2171 745 2233; baseline -0.001 -15"><span class='ocrx_word' id='word_1_218' title='bbox 74 2174 160 2226; x_wconf 86' lang='lat' dir='ltr'><strong>venire,</strong></span> <span class='ocrx_word' id='word_1_219' title='bbox 176 2172 287 2233; x_wconf 84' lang='lat' dir='ltr'><strong>fungique</strong></span> <span class='ocrx_word' id='word_1_220' title='bbox 300 2172 348 2218; x_wconf 84' lang='lat' dir='ltr'><strong>aliis</strong></span> <span class='ocrx_word' id='word_1_221' title='bbox 361 2172 454 2233; x_wconf 85' lang='lat' dir='ltr'><strong>publicis</strong></span> <span class='ocrx_word' id='word_1_222' title='bbox 468 2172 595 2218; x_wconf 88' lang='lat' dir='ltr'><strong>muneribus</strong></span> <span class='ocrx_word' id='word_1_223' title='bbox 608 2171 745 2233; x_wconf 66' lang='lat' dir='ltr'><strong>coegerunt:</strong></span> 
     </span>
     <span class='ocr_line' id='line_1_32' title="bbox 75 2236 748 2297; baseline -0.006 -12"><span class='ocrx_word' id='word_1_224' title='bbox 75 2239 114 2285; x_wconf 85' lang='lat' dir='ltr'><strong>sed</strong></span> <span class='ocrx_word' id='word_1_225' title='bbox 125 2246 177 2284; x_wconf 89' lang='lat' dir='ltr'><strong>tum</strong></span> <span class='ocrx_word' id='word_1_226' title='bbox 188 2252 279 2297; x_wconf 89' lang='lat' dir='ltr'><strong>qnoque</strong></span> <span class='ocrx_word' id='word_1_227' title='bbox 289 2244 327 2283; x_wconf 88' lang='lat' dir='ltr'><strong>aut</strong></span> <span class='ocrx_word' id='word_1_228' title='bbox 342 2238 409 2283; x_wconf 83' lang='lat' dir='ltr'><strong>verbo</strong></span> <span class='ocrx_word' id='word_1_229' title='bbox 423 2237 589 2289; x_wconf 82' lang='lat' dir='ltr'><strong>assentiebatur,</strong></span> <span class='ocrx_word' id='word_1_230' title='bbox 605 2243 644 2283; x_wconf 87' lang='lat' dir='ltr'><strong>aut</strong></span> <span class='ocrx_word' id='word_1_231' title='bbox 657 2236 748 2297; x_wconf 82' lang='lat' dir='ltr'><strong>podibus</strong></span> 
     </span>
     <span class='ocr_line' id='line_1_33' title="bbox 74 2301 747 2362; baseline -0.003 -15"><span class='ocrx_word' id='word_1_232' title='bbox 74 2303 98 2349; x_wconf 91' lang='lat' dir='ltr'><strong>in</strong></span> <span class='ocrx_word' id='word_1_233' title='bbox 109 2301 248 2349; x_wconf 85' lang='lat' dir='ltr'><strong>sententiam</strong></span> <span class='ocrx_word' id='word_1_234' title='bbox 258 2302 309 2354; x_wconf 87' lang='lat' dir='ltr'><strong>ibat,</strong></span> <span class='ocrx_word' id='word_1_235' title='bbox 321 2302 392 2348; x_wconf 89' lang='lat' dir='ltr'><strong>donec</strong></span> <span class='ocrx_word' id='word_1_236' title='bbox 403 2302 493 2362; x_wconf 83' lang='lat' dir='ltr'><strong>cognati</strong></span> <span class='ocrx_word' id='word_1_237' title='bbox 504 2302 600 2347; x_wconf 90' lang='lat' dir='ltr'><strong>hominis</strong></span> <span class='ocrx_word' id='word_1_238' title='bbox 611 2316 661 2347; x_wconf 90' lang='lat' dir='ltr'><strong>eum</strong></span> <span class='ocrx_word' id='word_1_239' title='bbox 673 2314 747 2352; x_wconf 85' lang='lat' dir='ltr'><strong>causa,</strong></span> 
     </span>
     <span class='ocr_line' id='line_1_34' title="bbox 75 2365 748 2428; baseline -0.009 -14"><span class='ocrx_word' id='word_1_240' title='bbox 75 2367 112 2414; x_wconf 90' lang='grc' dir='ltr'><strong>Μ.</strong></span> <span class='ocrx_word' id='word_1_241' title='bbox 126 2367 191 2413; x_wconf 87' lang='lat' dir='ltr'><strong>Livii</strong></span> <span class='ocrx_word' id='word_1_242' title='bbox 208 2365 301 2419; x_wconf 87' lang='lat' dir='ltr'><strong>Macati,</strong></span> <span class='ocrx_word' id='word_1_243' title='bbox 318 2381 369 2411; x_wconf 90' lang='lat' dir='ltr'><strong>cum</strong></span> <span class='ocrx_word' id='word_1_244' title='bbox 385 2366 444 2411; x_wconf 83' lang='lat' dir='ltr'><strong>fama</strong></span> <span class='ocrx_word' id='word_1_245' title='bbox 459 2368 507 2428; x_wconf 86' lang='lat' dir='ltr'><strong>ejus</strong></span> <span class='ocrx_word' id='word_1_246' title='bbox 523 2373 633 2428; x_wconf 86' lang='lat' dir='ltr'><strong>ageretur,</strong></span> <span class='ocrx_word' id='word_1_247' title='bbox 652 2370 748 2409; x_wconf 83' lang='lat' dir='ltr'><strong>stantem</strong></span> 
     </span>
     <span class='ocr_line' id='line_1_35' title="bbox 75 2428 749 2494; baseline -0.01 -15"><span class='ocrx_word' id='word_1_248' title='bbox 75 2431 153 2494; x_wconf 61' lang='lat' dir='ltr'><strong>coegit</strong></span> <span class='ocrx_word' id='word_1_249' title='bbox 168 2431 193 2475; x_wconf 93' lang='lat' dir='ltr'><strong>in</strong></span> <span class='ocrx_word' id='word_1_250' title='bbox 210 2438 287 2476; x_wconf 87' lang='lat' dir='ltr'><strong>senatu</strong></span> <span class='ocrx_word' id='word_1_251' title='bbox 302 2431 433 2477; x_wconf 80' lang='lat' dir='ltr'><strong>sententiam</strong></span> <span class='ocrx_word' id='word_1_252' title='bbox 450 2430 530 2476; x_wconf 83' lang='lat' dir='ltr'><strong>dicere.</strong></span> <span class='ocrx_word' id='word_1_253' title='bbox 565 2428 626 2475; x_wconf 89' lang='lat' dir='ltr'><strong>Tum</strong></span> <span class='ocrx_word' id='word_1_254' title='bbox 642 2442 671 2475; x_wconf 89' lang='lat' dir='ltr'><strong>ex</strong></span> <span class='ocrx_word' id='word_1_255' title='bbox 685 2434 749 2473; x_wconf 86' lang='lat' dir='ltr'><strong>tanto</strong></span> 
     </span>
     <span class='ocr_line' id='line_1_36' title="bbox 74 2494 749 2543; baseline -0.009 0"><span class='ocrx_word' id='word_1_256' title='bbox 74 2496 196 2543; x_wconf 81' lang='lat' dir='ltr'><strong>intervallo</strong></span> <span class='ocrx_word' id='word_1_257' title='bbox 207 2495 295 2541; x_wconf 88' lang='lat' dir='ltr'><strong>auditus</strong></span> <span class='ocrx_word' id='word_1_258' title='bbox 305 2495 415 2541; x_wconf 89' lang='lat' dir='ltr'><strong>convertit</strong></span> <span class='ocrx_word' id='word_1_259' title='bbox 428 2510 467 2541; x_wconf 88' lang='lat' dir='ltr'><strong>ora</strong></span> <span class='ocrx_word' id='word_1_260' title='bbox 481 2494 596 2539; x_wconf 88' lang='lat' dir='ltr'><strong>hominurn</strong></span> <span class='ocrx_word' id='word_1_261' title='bbox 610 2494 633 2539; x_wconf 89' lang='lat' dir='ltr'><strong>in</strong></span> <span class='ocrx_word' id='word_1_262' title='bbox 649 2508 679 2543; x_wconf 88' lang='lat' dir='ltr'><strong>se,</strong></span> <span class='ocrx_word' id='word_1_263' title='bbox 696 2506 749 2537; x_wconf 88' lang='lat' dir='ltr'><strong>cau·</strong></span> 
     </span>
     <span class='ocr_line' id='line_1_37' title="bbox 76 2556 750 2622; baseline -0.01 -15"><span class='ocrx_word' id='word_1_264' title='bbox 76 2576 170 2622; x_wconf 87' lang='lat' dir='ltr'><strong>samque</strong></span> <span class='ocrx_word' id='word_1_265' title='bbox 192 2560 331 2606; x_wconf 83' lang='lat' dir='ltr'><strong>sermonibus</strong></span> <span class='ocrx_word' id='word_1_266' title='bbox 350 2560 452 2621; x_wconf 71' lang='lat' dir='ltr'><strong>praebuit,</strong></span> <span class='ocrx_word' id='word_1_267' title='bbox 477 2558 595 2620; x_wconf 84' lang='lat' dir='ltr'><strong>“indigno</strong></span> <span class='ocrx_word' id='word_1_268' title='bbox 615 2556 716 2618; x_wconf 86' lang='lat' dir='ltr'><strong>injuriam</strong></span> <span class='ocrx_word' id='word_1_269' title='bbox 736 2568 750 2599; x_wconf 81' lang='lat' dir='ltr'><strong>a</strong></span> 
     </span>
     <span class='ocr_line' id='line_1_38' title="bbox 76 2619 749 2688; baseline -0.015 -16"><span class='ocrx_word' id='word_1_270' title='bbox 76 2627 159 2688; x_wconf 87' lang='lat' dir='ltr'><strong>populo</strong></span> <span class='ocrx_word' id='word_1_271' title='bbox 165 2624 261 2676; x_wconf 71' lang='lat' dir='ltr'><strong>&#39;factam</strong></span> <span class='ocrx_word' id='word_1_272' title='bbox 275 2639 402 2685; x_wconf 88' lang='lat' dir='ltr'><strong>magnoque</strong></span> <span class='ocrx_word' id='word_1_273' title='bbox 411 2623 434 2668; x_wconf 90' lang='lat' dir='ltr'><strong>id</strong></span> <span class='ocrx_word' id='word_1_274' title='bbox 445 2623 527 2669; x_wconf 83' lang='lat' dir='ltr'><strong>damno</strong></span> <span class='ocrx_word' id='word_1_275' title='bbox 536 2622 612 2674; x_wconf 83' lang='lat' dir='ltr'><strong>fuisse,</strong></span> <span class='ocrx_word' id='word_1_276' title='bbox 624 2619 690 2680; x_wconf 89' lang='lat' dir='ltr'><strong>quod,</strong></span> <span class='ocrx_word' id='word_1_277' title='bbox 702 2625 749 2663; x_wconf 86' lang='lat' dir='ltr'><strong>tam</strong></span> 
     </span>
     <span class='ocr_line' id='line_1_39' title="bbox 72 2684 758 2752; baseline -0.016 -13"><span class='ocrx_word' id='word_1_278' title='bbox 72 2691 138 2752; x_wconf 76' lang='lat' dir='ltr'><strong>gravi</strong></span> <span class='ocrx_word' id='word_1_279' title='bbox 149 2689 219 2745; x_wconf 87' lang='lat' dir='ltr'><strong>bello,</strong></span> <span class='ocrx_word' id='word_1_280' title='bbox 232 2703 277 2736; x_wconf 83' lang='lat' dir='ltr'><strong>nec</strong></span> <span class='ocrx_word' id='word_1_281' title='bbox 291 2686 359 2751; x_wconf 76' lang='lat' dir='ltr'><strong>operi</strong></span> <span class='ocrx_word' id='word_1_282' title='bbox 372 2702 414 2735; x_wconf 83' lang='lat' dir='ltr'><strong>nec</strong></span> <span class='ocrx_word' id='word_1_283' title='bbox 428 2688 522 2735; x_wconf 86' lang='lat' dir='ltr'><strong>consilio</strong></span> <span class='ocrx_word' id='word_1_284' title='bbox 536 2686 587 2735; x_wconf 81' lang='lat' dir='ltr'><strong>talis</strong></span> <span class='ocrx_word' id='word_1_285' title='bbox 598 2684 641 2733; x_wconf 74' lang='lat' dir='ltr'><strong>vin·</strong></span> <span class='ocrx_word' id='word_1_286' title='bbox 651 2696 692 2729; x_wconf 83' lang='lat' dir='ltr'><strong>usa</strong></span> <span class='ocrx_word' id='word_1_287' title='bbox 702 2694 758 2725; x_wconf 62' lang='lat' dir='ltr'><strong>res«,</strong></span> 
     </span>
    </p>
   </div>
   <div class='ocr_carea' id='block_1_9' title="bbox 0 0 930 2917">
    <p class='ocr_par' dir='ltr' id='par_1_10' title="bbox 0 0 930 2917">
     <span class='ocr_line' id='line_1_40' title="bbox 0 0 930 2917; baseline 0 0"><span class='ocrx_word' id='word_1_288' title='bbox 0 0 930 2917; x_wconf 95' lang='lat' dir='ltr'><strong> </strong></span> 
     </span>
    </p>
   </div>
  </div>
 </body>
</html>
