1850 2917
172 131 220 174 408
284 127 313 176 Τ.
327 127 415 176 LIVII
429 129 485 178 ‘Ln-
499 131 587 178 XXX.
606 130 666 180 Cur.
681 135 720 178 ts.

169 254 286 318 impes-lum
303 258 418 306 auxisso”
451 257 592 308 Ceterorum
607 257 751 306 miserabilior
764 227 836 306 brutio

169 319 219 373 suit,
234 325 462 378 commemorantium,
481 332 497 354 ‘⁴
506 325 545 372 Ex
555 325 644 399 quantia
654 323 732 384 optus
742 338 787 384 quo
799 338 834 369 ro·

169 385 274 434 cidissent
287 385 505 452 Carthaginiensium
520 405 569 436 ress
588 389 642 434 nhil
656 387 696 440 eis,
713 387 750 447 qui
763 387 833 432 modo

169 450 246 496 orbem
259 467 329 513 prope
342 463 450 500 terrarum
461 453 608 500 obtinuissent
618 451 692 504 mit,
710 466 832 512 superate,

168 522 251 574 praeter
260 513 402 578 Carthaginis
419 519 509 564 moenia.
544 516 578 563 11³
587 517 693 567 inclusos,
710 531 757 561 non
766 514 834 568 terri,

169 591 215 624 non
223 581 285 635 mari,
295 580 413 642 quidquam
422 582 455 628 sui
461 583 521 644 juris
528 596 625 628 cernere.
650 580 736 626 Urbem
744 595 836 640 quoque

168 641 239 702 ipsam
250 657 276 690 sc
286 653 377 706 penates
387 647 420 694 ita
429 647 550 700 habituros,
567 647 587 692 si
601 660 648 691 non
661 644 685 689 in
699 659 727 690 ea
736 659 832 704 quoqne,

169 721 214 768 quo
222 708 276 754 unul
286 709 378 758 ulterius
389 711 425 764 sit,
435 712 514 757 saevire
524 711 618 772 populus
625 709 743 756 Romanus
751 706 834 754 velit.”

170 769 231 818 Cum
243 771 303 820 flecti
314 775 463 822 misericorditi
473 774 553 821 Patres
566 780 688 835 appareret,
705 780 833 818 senatorum

171 849 240 882 unum
262 837 367 884 infestum
417 839 486 885 riidiae
508 837 725 900 Carthaginiensium
749 837 835 882 succla-

169 899 243 948 misse
253 900 334 955 lerunt,
353 855 423 950 aql}
437 919 493 964 quos
507 903 573 950 Deos
587 901 660 948 foedus
674 901 739 946 icturi
750 907 832 952 essent,

169 978 340 1078 ‘ergenebbbdbbi
350 968 604 1092 'quisquilteicfflsliurumffl
583 963 834 1090 “sliqtiiefbbhmloerbiebli

341 1062 347 1084 ‚
838 1059 840 1067 .

169 1100 222 1139 sunt
232 1092 316 1142 ioedera
326 1094 485 1142 violantibus.”

201 1157 298 1205 XLIII.
317 1157 433 1206 Inclinatis
444 1161 543 1206 omnium
555 1160 582 1206 ad
592 1175 668 1221 pacem
679 1158 766 1211 animis,
785 1156 830 1205 Cn.

168 1219 281 1269 Lentulus
295 1225 381 1278 consul,
398 1225 434 1270 cui
449 1225 525 1271 classis
535 1224 649 1286 provincia
658 1231 713 1276 erat,
731 1223 834 1268 senatus-

169 1287 272 1333 consulto
279 1288 411 1335 intercessit.
434 1287 495 1335 Tum
506 1289 598 1335 Manius
606 1287 693 1334 Acilius
706 1293 729 1332 et
740 1285 771 1338 Q„
782 1285 834 1331 Ms-

168 1351 246 1397 nucius
256 1352 418 1414 tribuniplebis
428 1353 456 1400 sd
466 1353 572 1414 populum
582 1353 688 1404 tulerunt,
707 1358 722 1380 “
731 1350 832 1403 Vellent,

162 1415 296 1477 Juberentne
318 1426 418 1464 senatum
443 1417 567 1470 decernere,
591 1423 617 1462 ut
637 1431 689 1465 cum
712 1414 834 1477 Cartbagi-

167 1480 279 1528 niensibus
287 1495 331 1541 pax
338 1481 415 1528 lieret:
429 1489 452 1528 et
462 1496 528 1542 quem
536 1496 585 1528 eam
593 1495 669 1541 paoem
680 1480 741 1531 dare
753 1495 835 1539 quem-

168 1559 211 1604 que
229 1559 258 1592 ex
274 1544 355 1592 Africi
373 1547 484 1592 exercitus
499 1546 614 1607 deportare
627 1542 758 1606 juberent.”
793 1542 835 1590 De

167 1623 221 1670 puce
238 1616 253 1639 ‘¹
265 1609 298 1656 uti
312 1608 453 1671 rogissent,”
471 1623 549 1656 omnes
563 1610 633 1655 tribus
643 1609 773 1671 iusserunt:
792 1623 834 1669 pa-

167 1687 216 1719 cem
228 1673 279 1720 dere
291 1673 317 1719 P.
333 1675 465 1736 Scipionem,
478 1674 579 1720 eumdem
587 1673 697 1719 exercitus
706 1673 831 1733 deportare.

168 1735 207 1783 Ex
221 1739 263 1784 hac
277 1739 393 1800 rogatione
408 1747 497 1785 senatus
511 1738 616 1791 decrevit,
633 1744 659 1784 ut
674 1735 701 1782 P.
716 1737 792 1797 Scipio
804 1752 834 1783 ex

167 1803 244 1865 decem
261 1803 385 1864 legatorum
401 1801 510 1850 sententia
522 1817 600 1863 pacem
615 1817 666 1847 cum
680 1801 763 1862 populo
775 1799 835 1848 Car·

167 1867 307 1930 thuginiensi¹
319 1867 398 1928 quibus
408 1867 494 1930 iegibus
504 1867 525 1913 ei
535 1866 653 1919 videretur,
661 1864 752 1912 faceret.
771 1865 834 1912 Gru-

167 1931 210 1977 tIas
229 1931 307 1978 delnde
325 1930 428 1978 Patribus
447 1928 514 1992 egisse
534 1927 745 1992 Carthaginensem
762 1930 834 1990 petie-

168 2003 270 2056 runtque,
288 2001 313 2042 ut
327 1995 366 2041 sibi
381 1995 406 2040 in
421 1994 507 2041 Urbem
517 1995 617 2047 introire,
634 2002 658 2040 et
671 1994 767 2053 colloqui
778 2009 832 2039 cum

168 2058 252 2106 civibus
267 2059 312 2105 suis
326 2060 409 2113 liceret,
427 2060 466 2119 qui
476 2059 533 2121 capti
544 2060 567 2104 in
578 2056 665 2121 publici
680 2055 781 2104 custoditi
795 2073 834 2104 es·

168 2130 231 2168 sent:
251 2137 299 2170 esse
314 2123 336 2168 ln
351 2124 378 2169 ils
391 2125 471 2185 partim
485 2124 621 2185 propinquos
631 2123 759 2182 amicosque
769 2137 832 2176 suos,

167 2187 252 2233 nobiles
262 2187 378 2246 homines3
394 2188 473 2250 partim
484 2189 513 2234 ad
526 2203 582 2249 quos
596 2187 701 2233 mandata
714 2201 727 2232 n
740 2188 834 2247 propin-

167 2251 217 2310 quis
227 2251 338 2296 baberent.
374 2251 461 2306 Quibus
474 2253 598 2305 conventis,
615 2267 667 2298 cum
681 2265 758 2297 rursus
769 2257 835 2311 pcto-

167 2321 224 2367 rent,
242 2321 267 2360 ut
279 2313 326 2367 sibi,
344 2329 401 2374 quos
411 2317 502 2370 vellent,
520 2317 586 2363 exiis
596 2316 717 2362 redimendi
731 2322 833 2376 potestas

165 2376 228 2424 fieret
236 2395 244 2434 ;
256 2377 314 2438 jussi
329 2380 420 2426 nomina
434 2380 513 2427 ederes
532 2387 562 2434 et,
580 2395 631 2426 cum
642 2381 751 2426 ducentos
760 2378 833 2424 imme
924 2395 925 2398 ¹

166 2439 263 2492 oderent,
277 2443 596 2490 senatis-consultuquctum
604 2450 645 2496 est,
661 2442 694 2489 Ut
704 2442 772 2504 legati
780 2442 833 2488 Ro·

165 2503 226 2547 mani
237 2503 343 2551 ducentos
354 2521 383 2552 ex
393 2507 494 2568 captivis,
506 2522 563 2569 quos
574 2506 773 2568 Carthaginienses
782 2507 833 2552 vel-

142 2587 147 2597 ·
165 2563 219 2618 lent,
236 2565 264 2610 ad
276 2564 303 2611 P·
318 2566 447 2618 Cornelium
459 2571 586 2633 Scipionem
599 2572 623 2616 in
634 2569 736 2617 Africam
750 2569 833 2632 depor-

165 2635 237 2676 tarent
244 2645 253 2688 ;
270 2633 439 2696 nuntiarentque
448 2637 477 2691 ei,
491 2643 523 2690 ut,
536 2636 609 2699 aipax
619 2636 768 2690 convenisset,
783 2635 835 2681 sine
