1850 2917
194 149 329 200 nuvu
345 151 398 201 Lu.
413 153 512 202 XXVI.
531 154 592 206 Car·
604 161 645 206 89.
709 153 756 205 133

85 279 429 346 aliosinpostenrmsegniores
443 285 617 334 duoesfaciatis.
647 285 687 334 'Et
700 303 757 350 quo-

86 345 142 393 niam
154 361 234 394 coram
249 355 273 393 et
288 349 414 396 Siculorum
425 357 448 396 et
462 365 512 397 mea
522 353 590 399 verbo
599 349 699 405 audistis,
711 352 757 400 Pa-

85 417 128 457 tres
139 411 272 473 conscripti,
288 412 353 459 nmul
363 415 447 476 templo
457 416 599 470 excedemus,
613 424 645 469 ut,
660 432 697 463 me
706 419 757 464 abs-

83 483 141 529 ente,
162 477 256 524 liberius
274 477 359 523 consuli
374 487 465 526 senatus
478 479 576 542 possit'’
610 479 647 528 Ita
661 481 758 527 dimissis

84 540 173 595 Siculis,
186 549 211 588 et
222 542 304 603 ipsein
316 541 451 604 Capitolium
462 545 491 590 acl
500 545 611 592 delectum
622 546 731 592 disoessit.

115 605 235 652 xxm
256 605 344 654 Consul
358 608 414 654 alter
424 609 451 655 de
461 610 578 670 postulatis
589 611 716 657 Siculorum
729 611 758 656 acl

84 667 164 717 Patres
183 671 269 716 retulit.
305 669 339 717 lbi
354 687 406 718 cum
421 674 458 720 (liu
473 675 501 721 de
515 675 631 722 sententiis
648 682 757 722 certaturn

82 742 147 788 esset,
166 742 192 782 et
203 749 288 798 magns
298 751 348 797 pars
359 739 456 791 senatis,
474 739 572 801 principe
580 741 628 802 eJ'us
639 740 757 787 sententiae

82 797 109 845 Τ.
124 799 219 846 Manlio
234 799 358 861 Torquato,
377 810 393 831 “
404 817 457 848 cum
472 805 572 864 tyranms
581 805 664 851 bellum
675 819 757 867 guen-
847 826 851 831 ·

82 864 134 910 dnm
141 863 245 917 fuisse,”
256 873 379 920 censerent,
393 873 409 896 ⁴⁸
420 868 520 914 hostibus
531 876 554 915 et
565 870 756 930 Syracusanorum

81 930 191 992 etpopuli
202 929 317 976 Romani:
336 933 445 978 eturbem
457 933 532 994 recipi,
549 935 668 997 nonoapi:
687 942 757 982 etro

81 1001 170 1056 ceptam
181 995 272 1056 legibus
286 995 382 1056 antiquis
396 1004 419 1042 et
429 997 531 1044 hisertate
541 999 641 1054 stabiliri·
653 1013 700 1046 non
709 999 757 1047 fes-

81 1074 128 1105 sam
144 1057 276 1106 miserandi
293 1061 399 1106 servitute
414 1062 473 1108 bello
486 1063 563 1125 affligi.
599 1063 663 1111 Inter
677 1072 755 1126 tyren-

82 1138 163 1170 norum
175 1131 200 1170 et
211 1123 275 1170 ducis
285 1124 384 1171 Romani
392 1127 520 1180 certamina,
536 1129 652 1188 praemium
663 1129 756 1177 victoris

81 1189 103 1234 in
123 1188 202 1235 medio
222 1189 317 1249 positam
337 1191 413 1236 urbem
431 1192 601 1252 pulcherrim
620 1208 647 1240 sc
665 1194 757 1241 nubtis·

82 1253 162 1300 nnram
183 1253 283 1315 periisse,
308 1254 412 1300 horremn
434 1264 502 1316 etque
520 1258 622 1304 serarium
641 1259 754 1319 quondam

80 1319 157 1380 populi
177 1317 291 1364 Romani:
311 1319 374 1381 cujus
390 1319 542 1368 munificentit
556 1337 583 1369 ac
598 1323 663 1370 donis
678 1323 756 1370 multis

80 1383 260 1444 tenpestatious,
278 1383 322 1428 hoc
332 1383 427 1445 denique
440 1386 490 1447 ipso
501 1385 588 1433 Punico
597 1389 663 1442 bello,
680 1389 756 1451 adjuta

81 1455 208 1508 ornataque
220 1448 342 1509 respublica
352 1457 418 1496 esset.
454 1450 480 1497 Si
489 1452 516 1496 ab
525 1451 602 1498 inieris
612 1454 705 1500 exsistat
715 1467 756 1500 rex

82 1511 165 1565 Hiero,
184 1511 306 1558 fidissimus
316 1513 400 1576 imperii
409 1514 509 1561 Romani
519 1515 598 1570 cultor,
611 1532 656 1577 quo
667 1533 706 1563 ore
716 1523 756 1564 aut

80 1577 208 1638 Syracusas
227 1584 266 1622 out
284 1576 382 1624 Romam
402 1579 422 1625 ei
439 1579 526 1626 ostendi
541 1581 625 1642 posse?
641 1597 700 1635 cum,
717 1581 759 1629 ubi·

81 1643 214 1689 senimtam
231 1655 257 1688 ac
274 1642 388 1712 spoliqtam
407 1645 502 1704 patriam
519 1645 659 1707 respexisset,
677 1647 755 1710 ingre·

81 1707 143 1754 diens
152 1706 263 1758 Romam,
272 1706 296 1752 in
302 1707 410 1753 vestibulo
418 1709 486 1762 urbis,
495 1725 564 1771 prope
572 1710 595 1756 in
602 1709 674 1772 porti,
684 1711 755 1774 spolia

80 1773 159 1832 patriae
176 1786 225 1817 sues
239 1771 329 1818 nisurus
343 1771 406 1817 siti¹’
425 1772 486 1819 Haec
500 1774 596 1835 taliaque
610 1791 662 1822 cum
676 1777 705 1823 ad
718 1777 755 1822 in·

80 1837 163 1882 sidiam
175 1835 275 1882 consulis
289 1834 498 1897 miserationemque
512 1839 637 1886 Siculorum
652 1841 753 1886 diceren-

82 1908 125 1954 tur,
137 1901 218 1948 mitius
229 1908 303 1946 tamen
315 1899 460 1947 decreverunt
469 1902 549 1949 Patres
559 1902 627 1949 causi
634 1904 753 1952 Marcellis

83 1973 99 1994 ‘⁶
108 1966 171 2020 Quae
185 1967 205 2011 is
221 1979 303 2026 gerens
317 1965 399 2012 bellum
414 1967 530 2028 victorque
544 1968 634 2030 egisset,
653 1976 701 2015 rata
714 1969 756 2015 ha-

80 2031 152 2078 benda
167 2045 233 2076 esse:
252 2030 275 2075 in
290 2029 399 2090 reliquum
414 2045 476 2076 cursa
490 2033 577 2078 senatui
591 2032 641 2079 iore
651 2048 698 2079 rem
710 2032 756 2095 Sy·

82 2109 222 2147 racusanam,
232 2095 419 2155 mandaturosque
427 2096 513 2142 consuli
522 2095 625 2152 Laevino,
637 2098 697 2159 quod
706 2099 755 2146 sine

76 2159 165 2222 Jacturi
180 2159 306 2219 reipublicae
322 2159 370 2205 lieri
384 2167 469 2221 posset,
484 2160 581 2208 fortunis
595 2163 643 2225 ejus
657 2164 754 2212 mutatis

82 2222 237 2272 consuleret.”
271 2223 351 2270 Missis
367 2224 453 2270 duobus
470 2227 607 2274 senatoribus
621 2228 645 2272 in
661 2227 755 2290 Capito-

82 2289 135 2336 lium
146 2289 177 2336 ad
187 2289 310 2341 consulem,
323 2289 356 2334 uti
366 2288 447 2335 rediret
457 2289 481 2335 in
489 2291 579 2344 curiam,
589 2299 613 2338 et
620 2292 754 2338 introductis

83 2355 171 2408 Siculis,
190 2351 419 2400 senatis-consultum
435 2355 552 2400 recitatum
566 2363 614 2402 eat:
632 2356 753 2417 legatique,

82 2420 179 2482 benigne
194 2417 298 2479 appellnti
317 2433 343 2463 ac
362 2417 454 2470 dimissi,
473 2419 501 2464 ad
516 2434 592 2480 genua
608 2435 633 2465 se
650 2419 754 2466 Marcelli

82 2484 180 2531 consulis
196 2484 349 2545 projecerunt,
363 2482 511 2536 obsecrantes,
530 2490 547 2512 ⁴⁶
558 2490 591 2536 ut,
608 2498 659 2544 quse
676 2483 754 2543 deplo-

82 2549 157 2597 nuda
168 2563 195 2595 ac
205 2547 307 2594 levandae
318 2547 450 2592 calamitatis
460 2544 527 2592 cousi
537 2547 652 2599 ‹lininent
664 2547 753 2592 venians

81 2615 111 2662 sis
121 2614 194 2668 daret,
212 2619 236 2658 et
246 2611 269 2658 in
280 2611 347 2658 iidem
358 2609 529 2672 clientelamque
542 2626 568 2657 se
577 2612 699 2669 urbemque
710 2609 755 2668 Sy·
