1850 2917
177 131 227 184 ³62
300 127 721 181 auvnmmcms

176 273 224 308 non
233 255 343 308 lscedsse
353 267 441 308 tautum
451 260 530 306 rostris
540 259 625 313 crediti,
637 259 677 306 sed
686 257 757 306 etiam
767 255 849 305 efflue

173 313 258 378 Mures
273 325 338 372 Antii
352 339 457 372 coronam
472 338 562 371 auream
576 321 684 371 arrosire.
720 321 792 372 OErcs
806 319 853 371 es-

174 390 753 516 eam
771 388 852 512 as

174 511 225 567 leus
243 517 317 566 Reate
333 533 384 564 curn
401 519 499 578 quinque
516 519 609 580 pedrins
625 525 697 564 natus.
733 516 851 579 anagniae

173 583 246 696 {iffi
260 583 357 646 primurn
371 583 436 644 ignes
450 583 474 628 in
489 583 555 635 coelo,
573 583 624 628 dein
637 581 677 628 fax
690 582 776 644 ingens
787 580 849 628 arsit·

236 649 302 694 inane
313 661 378 692 arcus
389 647 459 693 solem
471 647 532 692 tenui
543 644 602 694 linei
611 647 729 708 amplexus
739 653 777 692 est
783 663 793 704 3
808 646 853 692 cir-

173 711 251 759 'culum
266 711 345 758 deinde
355 712 428 774 ipsum
439 713 511 774 major
521 712 575 758 solis
589 712 648 757 orbis
662 712 807 758 extrinsecus
817 711 852 756 in-

175 776 249 824 clusit.
291 775 372 838 Arpini
393 783 453 822 terre
474 777 591 837 campestri
613 790 668 838 egro
686 776 711 821 in
730 776 851 838 ingentem

175 839 249 889 einum
266 841 372 888 consedit.
409 837 534 889 Consulum
550 841 621 894 alteri,
637 841 734 902 primam
750 840 851 887 hostiam

173 905 306 959 immolanti,
325 912 391 968 caput
398 905 505 968 jecinoris
520 903 596 951 defuit.
631 904 669 952 Ea
681 905 788 966 prodigis
802 919 851 951 ma·

171 969 259 1081 {gribus
268 971 348 1016 hostiis
362 977 493 1032 procurata:
512 969 565 1017 editi
579 985 593 1016 a
607 969 702 1032 collegio
713 969 850 1032 poutiiiermr
918 1006 919 1009 η

203 1033 225 1088 ii,
237 1035 316 1096 quibus
327 1033 494 1081 sacrificaretur.

207 1096 256 1146 111.
276 1097 308 1147 Iis
324 1100 449 1152 transactis,
466 1099 569 1145 consules
583 1105 737 1160 praetoresque
752 1098 779 1144 in
797 1114 852 1161 prc-

173 1163 259 1211 vincias
269 1161 375 1226 proiecti:
395 1163 499 1210 omnibus
512 1170 595 1216 tamen,
612 1163 674 1210 velut
687 1178 739 1209 eam
754 1154 863 1216 sortitis,'

174 1227 261 1276 Airicae
276 1243 329 1274 cura
343 1234 405 1285 erat;
423 1243 462 1274 seu
476 1227 527 1288 quia
541 1228 571 1274 ibi
586 1241 696 1273 summam
712 1242 792 1274 renum
802 1229 851 1275 bel-

172 1291 233 1352 lique
243 1293 301 1338 verti
311 1293 445 1350 cernebam
461 1307 501 1339 seu
511 1300 537 1338 ut
549 1291 647 1354 Scipioni
658 1291 850 1353 gratificarentur,

173 1353 198 1402 in
212 1364 280 1416 quern
296 1363 344 1402 turn
360 1357 433 1404 omnis
447 1371 513 1403 versa
526 1356 604 1403 civitas
618 1364 672 1402 erat.
708 1353 794 1418 Itaque
804 1372 852 1404 nen

173 1433 203 1468 ex
220 1419 322 1468 sardinii
335 1427 430 1476 tanturn,
450 1422 519 1485 (sicut
533 1428 585 1468 ante
599 1421 684 1466 dictum
699 1418 747 1481 est)
764 1422 807 1468 sed
821 1435 851 1470 ex

174 1482 251 1536 mella
268 1501 356 1546 quoque
372 1491 401 1532 et*
411 1483 523 1548 Hispenii
538 1485 678 1538 vestimenta,
694 1483 851 1532 fiumentmn-

174 1563 226 1614 que,
244 1557 267 1597 et
281 1554 343 1598 arma
358 1549 424 1596 etiam
439 1565 469 1597 ex
484 1545 565 1603 sieilia
583 1556 607 1596 et
621 1562 688 1596 omne
697 1564 775 1610 genus
785 1565 850 1598 eom-

172 1615 269 1668 ineatsss,
290 1615 486 1678 cenwalnum.
520 1613 576 1660 Nec·
589 1614 664 1675 Scipio
680 1613 727 1660 ullo
743 1622 850 1678 ternpore

173 1677 253 1725 hiemis
267 1677 319 1726 belli
334 1694 401 1742 opera
416 1679 536 1731 remiserat,
554 1693 605 1739 quae
619 1678 690 1724 multa
700 1679 770 1725 simul
782 1681 849 1727 undi-

174 1757 218 1804 que
233 1757 285 1789 cum
303 1743 482 1791 circumstabant.
517 1741 609 1789 Uticam
626 1742 753 1789 obsidebstr
773 1753 849 1793 casm

171 1807 197 1854 in
206 1814 326 1869 conspectu
335 1806 483 1856 Hasdmbalis
490 1814 561 1854 erant.
597 1803 798 1869 Carthaginienses
808 1810 849 1857 de-

173 1869 283 1922 duxerant
299 1885 382 1919 naves:
401 1873 495 1919 classem
512 1879 610 1933 paratam
626 1872 806 1936 instructamque
819 1875 848 1921 sd

173 1943 311 1984 commeatus
328 1936 500 2000 intercipiendos
509 1937 634 1983 habebunt.-
660 1933 724 1983 Inter
739 1938 800 1993 haec,
818 1940 848 1987 n'e

172 1997 283 2062 Syphacis
300 2001 388 2061 quidem
406 1999 561 2048 reconciliandi
577 2015 653 2048 curam
667 2015 697 2047 ex
710 2002 789 2048 animo
803 2003 847 2052 mi.

171 2067 246 2122 'serat;
264 2066 283 2110 si
297 2065 356 2112 forte
365 2067 414 2129 J'am
430 2065 496 2113 satine
511 2065 592 2112 amosis
606 2065 630 2110 in
645 2079 716 2113 uxore
729 2081 760 2112 ex
774 2065 847 2116 multi

172 2125 236 2189 eopii
247 2127 353 2190 'cepisset
388 2129 426 2176 Ab
441 2130 543 2192 Syphace
556 2131 629 2191 magis
643 2130 704 2192 pacis
718 2145 770 2177 cum
786 2130 845 2180 ear-

171 2191 347 2254 thaginiensihus
362 2195 507 2248 conditiones,
524 2201 550 2240 ut
561 2191 659 2240 Romani
670 2193 756 2249 Africi,
775 2193 846 2243 Poeni
918 2228 919 2239 ,

168 2245 238 2308 Italis
254 2257 393 2311 excederent,
411 2273 485 2320 quam,
504 2259 522 2304 ei
535 2259 661 2312 bellaretur,
679 2272 730 2321 spes
743 2259 790 2306 ulla
804 2261 845 2307 ile-

170 2319 279 2366 sciturum
293 2319 430 2368 afferebatur.
466 2321 528 2368 Haec
537 2323 679 2384 pernuntios
693 2324 766 2386 magis
781 2325 846 2385 equi-
918 2358 919 2385 ἶ

170 2383 222 2434 dem
245 2388 294 2428 acta
315 2384 452 2440 crediderim,
471 2387 506 2450 (et
526 2388 558 2433 ita
579 2401 630 2448 pars
650 2390 721 2451 major
739 2381 845 2438 suctores

171 2444 568 2563 ⁵”iiitqllm0iiilmsiipiiil
591 2452 722 2562 “flii
735 2449 845 2565 liae

588 2532 615 2562 co
918 2542 919 2551 κ

117 2619 119 2628 ,
170 2523 250 2618 inno
261 2586 298 2619 eas
313 2570 451 2626 erutiones
466 2578 587 2641 imperator
597 2531 716 2627 nofflms
729 2581 770 2628 vix
783 2581 844 2629 susa
918 2556 919 2615 i

168 2635 212 2683 bus
229 2635 330 2686 admisit:
348 2649 434 2706 pestes,
452 2650 478 2691 ut
496 2659 564 2707 cauas
581 2645 698 2708 probabilis
716 2645 763 2693 suis
779 2659 844 2694 ecm-
918 2664 919 2673 ¹
