1850 2917
179 139 226 186 itt)
288 133 318 184 Τ.
332 131 420 182 L1v11
436 133 489 182 Lm.
502 129 614 181 XXVII.
633 129 728 182 CM.

173 282 227 328 que,
239 266 388 319 circumvecti,
399 280 450 328 psrs
460 270 533 312 eastra
542 263 648 317 hostium,
661 277 713 325 pars
722 267 787 323 terga
797 267 844 309 tre-

176 327 298 393 pidantium
317 331 452 382 invaderent,
474 329 563 390 ipsein
582 327 657 375 Fulvii
677 326 844 374 similitudinem

176 396 280 450 nominis,
292 395 352 456 quod
363 393 406 444 Cn.
416 393 521 440 Fulvium
531 400 650 455 praetorem
660 392 749 439 biennio
759 400 813 438 unte
820 392 845 438 in

175 461 254 508 iisdem
273 461 383 507 devicerat
400 459 461 512 locis,
482 459 604 520 increpans,
624 457 718 503 similem
737 463 845 503 eventum

175 540 260 588 pugne
277 525 326 572 sore
342 524 470 572 affirmabo
505 521 587 583 Neque
602 537 628 568 ea
646 537 696 583 spes
711 521 770 568 iane
785 520 842 567 fuit:

176 605 236 644 nsrn,
252 604 303 636 cum
314 589 439 636 comminus
449 587 497 634 acie
507 594 530 633 et
539 587 637 648 peditum
648 587 771 632 certamine
780 585 846 631 multi

76 705 89 720 ,
176 654 307 702 cecidissent
317 653 480 705 Romanorum,
492 659 576 698 sterent
586 659 661 698 tsmen
672 651 761 697 ordines
769 651 847 712 signn-

176 733 232 780 que;
244 717 351 780 equestris
359 733 372 765 a
380 724 444 779 tergo
451 717 567 776 tumultus,
579 715 646 761 simul
654 731 667 761 a
674 716 753 762 eastris
760 716 847 762 clnmor

176 782 367 836 nonilsaudims,
385 789 470 828 sextum
482 789 533 826 ante
542 781 662 842 legionem,
682 781 752 843 (quae,
770 781 795 826 in
811 795 847 827 se-

176 845 249 895 cundi
269 847 316 894 acie
336 847 414 908 posita,
436 846 497 907 prior
517 846 545 891 ab
565 843 671 891 Numidis
692 846 781 891 mrbata
800 843 848 904 est)

176 913 276 974 quintam
287 911 372 964 deiude,
388 917 455 970 atque
466 925 505 956 eos
515 909 552 970 qui
566 909 595 955 ad
607 910 679 972 prima
693 909 759 971 signa
773 917 846 964 erant,

176 976 264 1024 averrit.
300 974 356 1022 Pars
370 976 394 1020 in
407 975 486 1034 sugam
499 971 570 1027 efflusi,
586 989 638 1034 pars
651 974 674 1019 in
687 973 762 1020 medio
775 975 845 1022 etesi:

176 1041 213 1088 ubi
229 1040 313 1100 etipse
329 1037 372 1086 Cn.
384 1038 486 1092 Fulvius,
501 1053 553 1085 cum
567 1037 669 1085 undecim
683 1038 777 1084 tnirmis
788 1039 849 1085 mili-

177 1114 234 1158 tum,
251 1103 337 1150 cecidit.
371 1103 526 1150 Romanorum
543 1102 698 1162 sociommque
713 1110 770 1163 quot
785 1119 849 1150 creso

176 1171 200 1216 in
211 1183 239 1216 oo
249 1169 328 1230 proelio
339 1167 407 1214 millia
418 1168 469 1221 sint,
481 1167 530 1228 quis
541 1182 581 1228 pro
592 1174 653 1214 certo
663 1167 775 1214 affirmet?
793 1183 848 1214 cum

177 1233 283 1282 tredecim
297 1233 366 1280 millin
381 1232 438 1286 alibi,
458 1232 509 1278 alim
524 1231 583 1278 nam
598 1232 649 1293 plns
665 1246 732 1291 quam
749 1240 847 1294 septem,

174 1297 297 1346 inveniam.
333 1295 419 1345 Centris
434 1294 553 1358 praedique
568 1295 640 1342 victor
655 1296 745 1358 potitur.
782 1295 849 1344 Her-

178 1364 279 1415 doneam,
296 1361 347 1422 quia
360 1368 383 1409 et
393 1359 527 1408 defecturum
537 1360 606 1406 fuisse
616 1360 645 1406 nd
655 1359 772 1408 Romsnos
782 1378 850 1409 com-

177 1429 242 1492 perit,
254 1441 296 1474 nee
306 1441 432 1474 mansuram
439 1427 463 1472 in
474 1425 524 1479 lide,
536 1425 555 1471 si
565 1425 617 1472 inde
626 1425 774 1479 abscessisset,
787 1429 850 1474 mul·

178 1492 272 1540 titudine
286 1491 347 1538 omni
361 1491 519 1553 Metapontum
533 1504 560 1536 nc
574 1489 673 1536 Titurius
686 1489 795 1545 traducti,
811 1493 849 1538 in-

178 1557 266 1605 cenditt
288 1555 368 1604 occidit
383 1555 499 1618 principes,
516 1554 554 1615 qui
570 1569 621 1600 cum
638 1553 719 1601 Fulvio
736 1556 850 1616 colloquia

178 1621 266 1670 nceults
272 1621 374 1668 habuisse
381 1620 489 1681 comperti
497 1626 557 1665 sunt.
583 1618 688 1673 Romani,
700 1620 739 1680 qui
746 1635 775 1666 ex
783 1620 851 1668 tanti

178 1684 240 1734 clade
250 1692 372 1738 evaserant,
386 1683 479 1731 diversis
488 1683 602 1731 iuuentus
612 1698 731 1730 semermes
741 1685 769 1731 ad
780 1684 849 1735 Mur-

178 1751 259 1802 cellum
271 1749 384 1796 consulem
395 1748 418 1795 in
430 1749 545 1795 Samnium
554 1747 708 1810 perfugerant.

212 1813 246 1863 ΙΙ.
266 1812 395 1867 Marcellus,
409 1813 463 1859 nihil
473 1812 592 1860 admodum
602 1811 665 1860 tanti
673 1813 737 1860 clade
746 1815 848 1870 territus,

178 1881 254 1928 literas
272 1877 370 1925 Romsm
386 1877 414 1926 ad
430 1885 531 1924 senatum
546 1877 575 1924 de
589 1878 647 1925 duce
661 1879 684 1924 et
700 1880 849 1928 exercituad

180 1943 325 1993 Herdoneam
338 1944 419 1990 smisso
434 1942 521 1988 sentit:
541 1949 654 1996 coetemm
672 1943 800 1990 “eumdem
813 1961 847 2000 se,

179 2011 218 2071 qui
231 2016 283 2071 post
298 2005 439 2056 Cannensem
453 2021 553 2068 pugnam
566 2005 668 2057 ferocem
673 2006 767 2054 victorii
778 2007 850 2057 Hnn.

178 2075 274 2122 nibnlern
293 2073 436 2125 contudisset,
455 2071 490 2128 ire
506 2071 610 2118 adversm
626 2087 685 2125 etum.
704 2072 796 2120 brevem
815 2074 850 2122 illi

178 2138 287 2190 letitiam
300 2135 454 2197 quiexsultet,
466 2134 602 2182 iacturum.”
624 2135 658 2183 Et
665 2135 749 2184 Rome
756 2138 849 2198 quidem

179 2217 231 2249 curn
241 2202 315 2248 luctus
325 2200 405 2262 ingens
415 2215 445 2247 ex
451 2200 571 2262 preterito,
583 2207 631 2247 tum
640 2201 707 2249 timor
713 2202 737 2247 in
744 2200 849 2250 futurum

179 2273 233 2314 erat
270 2263 363 2317 consu
379 2279 408 2311 ex
424 2265 515 2312 Samnio
529 2265 553 2311 in
567 2263 673 2312 Lucanos
683 2274 848 2327 transgressus,

179 2330 208 2378 ad
214 2329 391 2382 Numistronem,
401 2329 424 2374 in
433 2336 554 2390 conspectu
562 2328 701 2384 Hsnmislis,
712 2330 764 2377 loco
769 2331 847 2392 pinno,

178 2409 231 2440 cum
244 2391 331 2439 Poenus
346 2392 425 2440 collem
441 2400 534 2448 teneret,
551 2394 625 2455 posuit
638 2401 718 2442 casm
752 2394 850 2444 Addiffit

177 2463 202 2504 et
212 2456 277 2504 slim
288 2454 375 2502 fidentis
386 2457 489 2518 speciem,
500 2457 560 2519 quod
570 2458 629 2521 prior
638 2457 662 2504 in
673 2458 742 2506 sm'em
753 2458 847 2508 eduxit:

178 2535 221 2570 nee
232 2519 362 2567 dementavit
373 2519 494 2576 Hannibal,
509 2529 535 2568 ut
545 2522 610 2585 signa
618 2523 688 2585 portis
698 2521 770 2570 efferri
780 2524 848 2572 vidit.

174 2581 217 2635 ,Ita
234 2590 309 2630 tamen
327 2583 397 2630 aciem
415 2585 575 2640 instruxerunt,
595 2595 620 2634 ut
636 2585 726 2634 Poenus
741 2586 850 2636 dutum

171 2645 486 2714 eomuinmllemerigeret,
501 2650 850 2717 Rommtsinistmmadoppi-
