1850 2917
194 180 226 232 Τ.
238 180 326 235 mvn
343 181 396 235 Lusa
410 181 508 231 XXIV.
528 181 589 233 Cur.
602 187 625 231 s
731 190 747 233 8

75 320 111 359 ret
122 320 248 375 novsnsquc
262 313 392 361 societatem
410 314 510 369 mellent,
529 321 561 368 et,
580 327 674 375 quorum
693 329 747 376 pro-

76 378 151 438 pinqui
161 386 227 425 extre
237 380 313 425 urbem
327 379 441 427 interclusi
452 380 480 427 sb
489 379 590 425 bostibus
602 386 672 435 ment.
683 380 747 427 velut

75 442 187 490 obsidibus
206 443 271 497 detis,
293 444 422 506 pigneratos
440 444 547 491 baberent
565 443 658 498 animm
681 446 747 506 psuci

76 508 148 569 iungis
158 508 219 555 taciti
230 509 349 569 probsrent
363 516 503 556 constsntem
519 508 594 562 fldem,
612 524 679 570 quum
691 524 746 571 pro·

76 571 146 619 butum
162 573 221 619 tueri
236 572 358 631 auderent3
375 573 434 621 bsud
450 574 517 620 dubio
533 574 556 618 in
574 574 671 635 speeiem
689 588 745 621 oon·

77 650 141 682 sensu
151 636 178 683 fit
188 638 216 683 nd
227 636 314 684 Poenos
324 638 422 685 deditio:
442 637 472 683 L
486 638 559 685 Atilio
568 636 676 699 praefecto
686 652 745 700 prse-

1 714 2 725 ³
75 700 130 755 sinii,
145 702 228 762 quique
244 717 295 749 cum
312 718 341 749 eo
355 703 436 749 milites
450 702 550 749 Romsni
564 710 634 757 essm,
650 704 708 749 clsrn
721 703 745 749 in
819 691 824 713 ¹

76 772 163 825 portum
173 766 281 821 deductis,
296 774 362 828 utque
378 766 488 829 impositis
504 768 528 813 in
544 782 620 821 noves,
641 775 667 813 ut
680 767 745 815 Rbe-

75 830 135 889 gison
145 830 316 885 benchorensis,
334 830 486 879 Hamilcarem
503 831 632 891 Poenosque
646 829 674 879 ei
689 846 745 879 oon·

75 894 164 948 ditione,
179 903 205 941 ut
220 893 295 941 foedus
313 898 425 958 extemplo
442 896 513 956 sequis
529 896 616 957 hgibus
631 895 701 951 tieret,
720 897 744 942 in

75 959 149 1005 urbem
160 968 309 1021 acceperunt:
328 962 392 1023 cujus
404 961 436 1007 rei
450 976 520 1021 prope
535 975 581 1006 uon
592 969 680 1008 servem
688 960 745 1009 fides

75 1022 151 1069 dectus
161 1032 203 1077 est,
215 1040 267 1071 cum
280 1023 366 1071 Poenus
376 1025 428 1071 dolo
438 1025 553 1071 dimissum
564 1024 695 1074 Romnum
708 1027 745 1072 in·

74 1096 176 1145 cussret3
202 1088 329 1135 Locrenses
353 1089 479 1152 profugisse
499 1090 572 1151 ipsum
590 1097 741 1137 causarentur.

75 1149 172 1199 Insecuti
184 1154 253 1199 etism
262 1154 347 1213 equites
358 1161 417 1208 sunt,
430 1155 448 1201 si
460 1170 506 1215 quo
514 1169 566 1201 cusu
574 1154 663 1202 infreto
674 1162 744 1202 estus

74 1218 161 1271 morari,
173 1225 213 1264 sut
223 1217 309 1265 deferre
320 1233 388 1266 nsves
403 1220 427 1264 in
443 1226 525 1265 terrem
541 1227 624 1280 posset.
658 1219 692 1268 Et
703 1234 743 1267 eos

39 1304 42 1311 ·
73 1282 169 1341 quidem,
181 1298 239 1343 quos
255 1284 409 1343 oequebsntur,
427 1298 473 1329 non
491 1291 543 1330 sunt
560 1283 647 1346 adepti3
664 1284 744 1331 elisos

74 1344 182 1393 monent
191 1348 325 1409 trajicientes
338 1347 396 1395 freto
407 1346 522 1409 Rhegium
536 1363 605 1395 nsves
619 1363 743 1409 conspexe-

74 1418 132 1457 rust.
161 1410 251 1458 Milites
259 1420 322 1459 erent
331 1412 436 1467 Romani,
446 1428 459 1459 s
468 1412 563 1461 Claudio
573 1420 669 1475 praetore
679 1413 743 1460 missi

1 1506 2 1511 ,
74 1475 101 1521 sd
115 1476 256 1523 obtinendem
274 1478 351 1523 urbem
365 1477 484 1539 presidio:
503 1478 578 1539 itsque
594 1476 633 1525 Rb
664 1478 686 1524 'o
701 1493 743 1524 ex»

73 1540 156 1601 templo
177 1542 303 1589 abscessum
323 1549 364 1588 est.
400 1541 550 1590 Locrensibus
563 1494 742 1605 jnouebbmn-

72 1604 126 1652 belis
137 1605 188 1653 dote
200 1620 252 1669 pu,
269 1614 296 1652 ut
312 1606 374 1653 liberi
389 1608 434 1653 suis
452 1607 539 1670 legibus
553 1608 668 1655 virerent:
688 1609 741 1653 urbs

1 1682 2 1693 ¹
72 1669 248 1731 peteretPoenis,
258 1671 740 1734 portusinpoteststemLocrensiumessets

72 1735 164 1781 societas
175 1736 259 1798 eojure‘
267 1742 342 1790 steret,
355 1744 380 1783 ut
386 1736 473 1783 Poenus
481 1736 627 1791 Locrensem,
639 1735 743 1783 locren-

72 1800 146 1859 risque
156 1799 264 1854 Poenum,
277 1816 332 1862 poce
343 1816 368 1847 sc
380 1802 438 1849 bello
449 1803 546 1865 Juvsret·

103 1862 137 1910 ΙΙ.
157 1865 195 1911 Sic
206 1864 285 1912 efreto
294 1864 361 1912 Poeni
375 1866 467 1921 reducti,
478 1865 624 1913 frementibus
636 1865 740 1920 Bruttiis

72 1930 130 1989 quod
137 1928 257 1991 Rhegium
271 1946 297 1977 sc
308 1929 401 1985 Locros,
419 1946 476 1992 quss
492 1932 557 1978 urbes
573 1931 699 1992 direpturos
718 1946 743 1979 se

73 1992 242 2049 deomsversnt,
263 1995 358 2043 intsctss
376 1996 524 2057 reliquissent.
559 1994 640 2057 Itsque
655 2009 695 2056 per
716 2009 743 2047 se

73 2058 119 2119 ipsi,
131 2060 263 2121 conscriptis
274 2061 408 2123 onustisque
413 2062 541 2123 Juventutts
551 2074 599 2107 sue
614 2059 741 2119 quindecim

73 2123 172 2177 milibus,
193 2124 220 2170 sd
238 2122 361 2171 Crotonem
381 2125 555 2187 oppugnandum
574 2131 672 2186 pergunt
690 2124 740 2181 ire3

74 2187 214 2235 Graecsmet
229 2188 300 2249 ipsam
315 2190 398 2241 urbem,
414 2196 437 2233 et
451 2190 599 2233 maritimam:
618 2188 740 2247 plurimum

74 2266 210 2300 soeessurum
222 2253 306 2313 opibus,
329 2254 347 2297 si
367 2254 390 2297 in
405 2248 444 2299 ort
458 2252 526 2298 maris
542 2253 620 2297 urbem
635 2258 702 2311 portu
713 2265 740 2299 sc

1 2308 2 2319 ¹
75 2318 180 2363 moenibus
187 2316 283 2363 validam
292 2316 422 2369 tenuissent,
432 2315 555 2361 credentes.
590 2314 628 2360 Es
637 2328 692 2359 curs
700 2326 742 2358 sn-

1 2398 2 2405 *
74 2382 142 2442 gebst
154 2382 216 2441 quod
233 2396 306 2441 neque
318 2394 364 2425 non
376 2386 488 2426 arcessere
498 2378 526 2425 nd
536 2377 643 2424 auxilium
655 2375 742 2421 Poenos

75 2447 124 2492 setis
134 2446 251 2498 audebant,
264 2444 353 2506 nequid
364 2459 410 2491 non
424 2450 466 2505 pro
477 2443 543 2489 sociis
554 2442 629 2502 egisse
640 2440 742 2486 rideren-

74 2516 123 2569 tsu3
138 2518 168 2563 et.
181 2510 201 2556 si
212 2508 300 2557 Psenus
314 2524 391 2555 rursus
403 2508 478 2569 magis
490 2506 572 2552 srbiter
588 2503 656 2565 posis,
674 2516 744 2561 quem

74 2574 157 2637 adjutor
165 2574 226 2628 belli,
236 2572 325 2627 fuisset,
342 2588 372 2619 ne
383 2573 407 2619 in
419 2573 544 2619 libertatem
559 2566 679 2639 Crotonis..
686 2566 744 2609 sicut

73 2648 124 2686 mte
133 2638 266 2692 Lomorum,
278 2637 362 2684 frustra
368 2634 513 2699 bugnsretur.
550 2630 629 2689 Itaque
634 2634 747 2701 onustum

74 2704 142 2752 risum
153 2711 197 2759 osb
208 2703 237 2752 od
248 2702 399 2751 Hsnnibslem
411 2699 472 2749 mitti
484 2698 579 2758 legatos,
592 2696 708 2748 measque
719 2686 746 2732 ab
