1850 2917
281 520 321 585 T.
346 518 463 584 LIVIl
492 516 722 583 PATAVINI

244 705 351 755 LIBER
367 702 559 754 VICESIMUS
576 702 750 758 Quunuuu

195 982 214 1030 1.
235 982 274 1031 Ur
284 996 314 1028 ex
325 980 479 1045 Campanidiu
491 980 700 1029 Bruttios-reditum
709 988 750 1037 eet,
764 979 835 1030 Han·

161 1064 199 1102 uo,
219 1048 355 1111 adjutoribus
373 1055 396 1095 et
417 1048 510 1094 ducibua
529 1045 632 1101 Bruttiis,
653 1047 748 1094 Graecae
767 1049 836 1096 urbes
923 1063 924 1086 3

161 1114 264 1167 tentarit,
284 1128 311 1159 eo
325 1110 411 1158 facilius
428 1112 452 1158 in
470 1108 577 1157 societate
589 1117 705 1158 manenter
718 1108 833 1167 Roman&
923 1130 924 1144 1

161 1178 222 1240 quod
232 1176 341 1229 Bruttios,
353 1192 410 1239 quoa
418 1184 441 1223 et
452 1176 546 1223 oderant
555 1183 579 1222 et
589 1177 724 1229 metuebant,
735 1173 835 1224 Cartha·
856 1180 859 1185 '

160 1243 296 1305 ginienuium
312 1242 380 1303 partia
396 1240 470 1289 fuctus
489 1240 615 1287 cemebaut.
650 1238 766 1302 Rhegium
785 1242 834 1303 pri-

161 1323 224 1355 mum
241 1313 351 1353 tentatum
368 1313 410 1359 est,
429 1304 520 1365 diesque
538 1304 622 1365 aliquot
640 1304 669 1351 ni
684 1305 834 1367 nequidquam
885 1348 888 1353 .

160 1372 275 1437 absumti„
299 1368 392 1417 Interim
410 1369 537 1417 locrenses
552 1367 698 1422 frumentum,
716 1368 831 1432 lignaque,

161 1444 184 1483 et
193 1443 274 1485 caetero
284 1436 408 1484 necessario
419 1435 501 1488 usibus,
514 1448 544 1481 ex
554 1434 614 1497 agria
623 1434 648 1480 iu
658 1434 735 1481 urbem
746 1450 832 1497 rapere,

160 1502 227 1549 etium
239 1515 267 1547 ue
278 1500 330 1561 quid
341 1501 443 1547 relictum
459 1498 543 1562 praedae
559 1498 660 1547 hornum
674 1506 748 1547 erret:
767 1507 791 1547 et
806 1501 832 1547 iu

160 1566 208 1625 dien
218 1566 289 1627 major
300 1566 402 1613 omnibus
412 1564 483 1627 portia
494 1562 615 1611 multitudo
625 1560 724 1610 effundi:
743 1572 833 1627 pontre-

159 1646 198 1677 mo
209 1630 224 1675 ii
234 1630 302 1677 modo
313 1630 384 1676 relicti
393 1629 417 1675 in
424 1630 479 1675 urbe
489 1635 560 1682 erunt,
570 1628 608 1689 qui
619 1626 709 1675 reficere
719 1644 796 1689 muron
804 1644 833 1678 ac

159 1702 242 1757 portae,
260 1694 347 1755 telaque
362 1695 385 1740 iu
402 1692 570 1756 propugnacula
583 1686 706 1755 conpetere
719 1694 833 1755 cogeban-

159 1768 203 1809 urr.
223 1756 421 1821 'inpermixtam
442 1758 543 1805 omnium
560 1757 661 1805 rentium
683 1757 831 1820 ordinumque

159 1823 332 1877 multitudinem,
350 1830 373 1869 et
383 1829 502 1885 vagantem
519 1822 543 1868 iu
559 1823 620 1885 agria
634 1820 717 1885 magnei
727 1837 756 1869 ex
766 1830 831 1885 parte

159 1890 274 1941 inermem,
293 1887 410 1935 Hamilcar
421 1886 509 1935 Poenur
520 1886 605 1947 equitea
615 1886 705 1944 emisit3
722 1888 768 1949 qui,
780 1888 831 1935 rio-

158 1954 204 2003 lare
214 1968 348 2015 quemquam
358 1950 429 2006 vetiti,
442 1958 537 2005 tautum,
551 1957 576 1997 ut
585 1952 730 1999 excluderent
740 1953 767 1998 ab
776 1953 832 2001 urbe

157 2015 214 2080 lugd
232 2017 356 2079 dirripatoa,
379 2024 464 2065 turmas
483 2012 591 2079 objecere·
626 2015 685 2063 Dux
703 2016 758 2079 ipre,
778 2016 830 2066 loco

158 2082 272 2143 superiore
282 2089 355 2143 capto,
371 2081 430 2128 uude
440 2095 508 2143 agros
519 2081 640 2140 urbemque
649 2088 726 2143 portet
740 2082 831 2143 conapi.
920 2123 923 2131 ,

158 2162 216 2200 cere,
234 2145 376 2194 Bruttiorum
393 2146 509 2193 cohortem
519 2144 580 2192 adire
590 2160 674 2199 muron,
691 2154 759 2207 atque
774 2162 848 2195 evo-·

158 2227 209 2261 care
224 2210 335 2273 principes
353 2208 501 2258 Locrensium
514 2209 543 2256 ad
555 2210 689 2271 colloquium
702 2210 778 2274 jussit,
796 2219 829 2277 er,

158 2276 288 2339 pollicentes
298 2275 417 2324 amicitiem
429 2274 569 2328 Hannibalis,
587 2275 699 2323 adhortari
712 2276 740 2322 ad
750 2277 829 2325 urbem
924 2326 925 2330 ,

159 2341 294 2394 trudendum.
330 2340 426 2388 Bruttiis
445 2340 469 2387 in
484 2339 596 2401 colloquio
614 2339 697 2387 nulline
710 2341 741 2387 rei
755 2341 830 2403 prinrn

158 2406 214 2455 fides
229 2412 277 2455 ert:
297 2406 375 2453 deinde
391 2413 417 2453 ut
428 2404 514 2451 Poenus
530 2404 630 2467 apparuit
647 2403 671 2449 in
687 2405 786 2459 cornua,
804 2414 830 2454 et

159 2471 295 2532 refugiente·
305 2470 369 2545 pauci
384 2470 449 2517 aliam
466 2484 556 2515 omnen
572 2468 739 2516 multitudinem
752 2470 776 2515 in
786 2486 829 2532 po.

158 2542 239 2583 testate
258 2534 355 2581 hostiurn
376 2549 426 2581 erre
444 2532 580 2589 afferebant3
601 2541 659 2587 tum,
681 2541 744 2581 metu
765 2534 827 2590 victi,

158 2598 300 2647 consulturos
318 2612 342 2644 ee
358 2598 465 2660 populum
482 2598 656 2659 responderunt:
676 2596 829 2659 coronetque

158 2662 271 2724 extemplo
286 2661 402 2717 concione,
415 2677 467 2710 cum
477 2671 501 2710 et
511 2661 638 2710 lenimur
647 2662 743 2724 quiaque
756 2677 829 2711 uorat
