<?xml version="1.0" encoding="UTF-8"?>
<!DOCTYPE html PUBLIC "-//W3C//DTD XHTML 1.0 Transitional//EN"
    "http://www.w3.org/TR/xhtml1/DTD/xhtml1-transitional.dtd">
<html xmlns="http://www.w3.org/1999/xhtml" xml:lang="en" lang="en">
 <head>
  <title>
</title>
<meta http-equiv="Content-Type" content="text/html;charset=utf-8" />
  <meta name='ocr-system' content='tesseract 3.04.00' />
  <meta name='ocr-capabilities' content='ocr_page ocr_carea ocr_par ocr_line ocrx_word'/>
</head>
<body>
  <div class='ocr_page' id='page_1' title='image "./tliviipatavinih03caregoog_0106.png"; bbox 0 0 1850 2917; ppageno 0'>
   <div class='ocr_carea' id='block_1_1' title="bbox 163 134 717 187">
    <p class='ocr_par' dir='ltr' id='par_1_1' title="bbox 163 134 717 187">
     <span class='ocr_line' id='line_1_1' title="bbox 163 134 717 187; baseline -0.004 0"><span class='ocrx_word' id='word_1_1' title='bbox 163 143 198 187; x_wconf 72' lang='lat'>96</span> <span class='ocrx_word' id='word_1_2' title='bbox 281 135 414 186; x_wconf 79' lang='lat' dir='ltr'>T.L1vr1</span> <span class='ocrx_word' id='word_1_3' title='bbox 431 135 485 185; x_wconf 81' lang='lat' dir='ltr'>Lis.</span> <span class='ocrx_word' id='word_1_4' title='bbox 499 135 584 184; x_wconf 84' lang='lat' dir='ltr'>XXV.</span> <span class='ocrx_word' id='word_1_5' title='bbox 604 134 665 187; x_wconf 74' lang='lat' dir='ltr'>cn.</span> <span class='ocrx_word' id='word_1_6' title='bbox 678 139 717 185; x_wconf 67' lang='lat'>23.</span> 
     </span>
    </p>
   </div>
   <div class='ocr_carea' id='block_1_2' title="bbox 162 267 892 2210">
    <p class='ocr_par' dir='ltr' id='par_1_2' title="bbox 162 267 892 2210">
     <span class='ocr_line' id='line_1_2' title="bbox 164 267 842 330; baseline -0.001 -16"><span class='ocrx_word' id='word_1_7' title='bbox 164 267 252 322; x_wconf 75' lang='lat' dir='ltr'>minui,</span> <span class='ocrx_word' id='word_1_8' title='bbox 269 267 359 330; x_wconf 85' lang='lat' dir='ltr'>plscuit.</span> <span class='ocrx_word' id='word_1_9' title='bbox 394 267 434 315; x_wconf 68' lang='lat' dir='ltr'>Em</span> <span class='ocrx_word' id='word_1_10' title='bbox 450 268 550 330; x_wconf 86' lang='lat' dir='ltr'>ipsorum</span> <span class='ocrx_word' id='word_1_11' title='bbox 564 267 644 314; x_wconf 85' lang='lat' dir='ltr'>deinde</span> <span class='ocrx_word' id='word_1_12' title='bbox 656 274 780 329; x_wconf 70' lang='lat' dir='ltr'>pretorium</span> <span class='ocrx_word' id='word_1_13' title='bbox 794 272 842 314; x_wconf 72' lang='lat' dir='ltr'>nul·</span> 
     </span>
     <span class='ocr_line' id='line_1_3' title="bbox 164 332 839 394; baseline -0.001 -16"><span class='ocrx_word' id='word_1_14' title='bbox 164 347 228 379; x_wconf 89' lang='lat' dir='ltr'>mero</span> <span class='ocrx_word' id='word_1_15' title='bbox 239 333 301 380; x_wconf 86' lang='lat' dir='ltr'>missi</span> <span class='ocrx_word' id='word_1_16' title='bbox 312 340 411 380; x_wconf 75' lang='lat' dir='ltr'>oratores</span> <span class='ocrx_word' id='word_1_17' title='bbox 421 333 449 380; x_wconf 84' lang='lat' dir='ltr'>sd</span> <span class='ocrx_word' id='word_1_18' title='bbox 457 333 606 380; x_wconf 77' lang='lat' dir='ltr'>Meroellum:</span> <span class='ocrx_word' id='word_1_19' title='bbox 619 347 714 393; x_wconf 88' lang='lat' dir='ltr'>quorum</span> <span class='ocrx_word' id='word_1_20' title='bbox 724 332 839 394; x_wconf 82' lang='lat' dir='ltr'>princeps,</span> 
     </span>
     <span class='ocr_line' id='line_1_4' title="bbox 168 396 840 460; baseline 0.001 -17"><span class='ocrx_word' id='word_1_21' title='bbox 168 397 274 459; x_wconf 87' lang='lat' dir='ltr'>“Neque</span> <span class='ocrx_word' id='word_1_22' title='bbox 288 396 387 460; x_wconf 82' lang='lat' dir='ltr'>priuso,”</span> <span class='ocrx_word' id='word_1_23' title='bbox 405 398 485 458; x_wconf 90' lang='lat' dir='ltr'>inquit,</span> <span class='ocrx_word' id='word_1_24' title='bbox 504 405 520 428; x_wconf 75' lang='lat'>‘⁶</span> <span class='ocrx_word' id='word_1_25' title='bbox 531 398 665 459; x_wconf 73' lang='lat' dir='ltr'>Syracusani</span> <span class='ocrx_word' id='word_1_26' title='bbox 676 397 763 444; x_wconf 67' lang='lat' dir='ltr'>scobis</span> <span class='ocrx_word' id='word_1_27' title='bbox 774 397 840 444; x_wconf 82' lang='lat' dir='ltr'>dele-</span> 
     </span>
     <span class='ocr_line' id='line_1_5' title="bbox 164 459 841 523; baseline -0.001 -15"><span class='ocrx_word' id='word_1_28' title='bbox 164 463 245 518; x_wconf 81' lang='lat' dir='ltr'>cimus,</span> <span class='ocrx_word' id='word_1_29' title='bbox 263 463 303 510; x_wconf 87' lang='lat' dir='ltr'>sed</span> <span class='ocrx_word' id='word_1_30' title='bbox 318 462 482 523; x_wconf 81' lang='lat' dir='ltr'>Hieronymus,</span> <span class='ocrx_word' id='word_1_31' title='bbox 499 459 638 523; x_wconf 76' lang='lat' dir='ltr'>nequiquam</span> <span class='ocrx_word' id='word_1_32' title='bbox 649 469 696 508; x_wconf 85' lang='lat' dir='ltr'>turn</span> <span class='ocrx_word' id='word_1_33' title='bbox 707 461 731 508; x_wconf 84' lang='lat' dir='ltr'>in</span> <span class='ocrx_word' id='word_1_34' title='bbox 740 477 784 508; x_wconf 80' lang='lat' dir='ltr'>vos</span> <span class='ocrx_word' id='word_1_35' title='bbox 793 463 841 508; x_wconf 90' lang='lat' dir='ltr'>im-</span> 
     </span>
     <span class='ocr_line' id='line_1_6' title="bbox 165 527 841 589; baseline 0.001 -16"><span class='ocrx_word' id='word_1_36' title='bbox 165 527 223 589; x_wconf 84' lang='lat' dir='ltr'>pius,</span> <span class='ocrx_word' id='word_1_37' title='bbox 241 541 307 588; x_wconf 85' lang='lat' dir='ltr'>quum</span> <span class='ocrx_word' id='word_1_38' title='bbox 322 528 346 573; x_wconf 85' lang='lat' dir='ltr'>in</span> <span class='ocrx_word' id='word_1_39' title='bbox 357 542 412 574; x_wconf 79' lang='lat' dir='ltr'>nos:</span> <span class='ocrx_word' id='word_1_40' title='bbox 431 535 656 589; x_wconf 75' lang='lat' dir='ltr'>neopostespscem,</span> <span class='ocrx_word' id='word_1_41' title='bbox 673 527 763 589; x_wconf 73' lang='lat' dir='ltr'>tyranni</span> <span class='ocrx_word' id='word_1_42' title='bbox 774 527 841 574; x_wconf 78' lang='lat' dir='ltr'>oaede</span> 
     </span>
     <span class='ocr_line' id='line_1_7' title="bbox 167 590 842 654; baseline 0 -16"><span class='ocrx_word' id='word_1_43' title='bbox 167 593 321 654; x_wconf 78' lang='lat' dir='ltr'>compositum,</span> <span class='ocrx_word' id='word_1_44' title='bbox 334 592 488 652; x_wconf 75' lang='lat' dir='ltr'>Syracusanus</span> <span class='ocrx_word' id='word_1_45' title='bbox 498 593 622 653; x_wconf 70' lang='lat' dir='ltr'>quisquam,</span> <span class='ocrx_word' id='word_1_46' title='bbox 635 590 675 638; x_wconf 74' lang='lat' dir='ltr'>secl</span> <span class='ocrx_word' id='word_1_47' title='bbox 685 591 792 638; x_wconf 73' lang='lat' dir='ltr'><strong>satellites</strong></span> <span class='ocrx_word' id='word_1_48' title='bbox 802 607 842 639; x_wconf 89' lang='lat' dir='ltr'>re·</span> 
     </span>
     <span class='ocr_line' id='line_1_8' title="bbox 166 655 842 720; baseline 0.001 -17"><span class='ocrx_word' id='word_1_49' title='bbox 166 658 199 718; x_wconf 84' lang='lat' dir='ltr'>gii</span> <span class='ocrx_word' id='word_1_50' title='bbox 213 657 364 720; x_wconf 77' lang='lat' dir='ltr'>Hippocrates</span> <span class='ocrx_word' id='word_1_51' title='bbox 373 664 440 718; x_wconf 80' lang='lat' dir='ltr'>etque</span> <span class='ocrx_word' id='word_1_52' title='bbox 450 656 571 719; x_wconf 79' lang='lat' dir='ltr'>Epicydes,</span> <span class='ocrx_word' id='word_1_53' title='bbox 589 657 700 718; x_wconf 72' lang='lat' dir='ltr'>oppressis</span> <span class='ocrx_word' id='word_1_54' title='bbox 710 655 775 702; x_wconf 84' lang='lat' dir='ltr'>nobis</span> <span class='ocrx_word' id='word_1_55' title='bbox 785 657 842 704; x_wconf 79' lang='lat' dir='ltr'>hinc</span> 
     </span>
     <span class='ocr_line' id='line_1_9' title="bbox 162 721 842 782; baseline 0.001 -14"><span class='ocrx_word' id='word_1_56' title='bbox 162 729 235 775; x_wconf 73' lang='lat' dir='ltr'>&#39;metu</span> <span class='ocrx_word' id='word_1_57' title='bbox 248 723 300 769; x_wconf 87' lang='lat' dir='ltr'>hinc</span> <span class='ocrx_word' id='word_1_58' title='bbox 310 721 395 776; x_wconf 77' lang='lat' dir='ltr'>froude,</span> <span class='ocrx_word' id='word_1_59' title='bbox 407 721 564 768; x_wconf 77' lang='lat' dir='ltr'>turbaverunt:</span> <span class='ocrx_word' id='word_1_60' title='bbox 584 735 626 767; x_wconf 87' lang='lat' dir='ltr'>nee</span> <span class='ocrx_word' id='word_1_61' title='bbox 636 721 752 782; x_wconf 71' lang='lat' dir='ltr'>quisquam</span> <span class='ocrx_word' id='word_1_62' title='bbox 763 721 842 769; x_wconf 77' lang='lat' dir='ltr'>dicere</span> 
     </span>
     <span class='ocr_line' id='line_1_10' title="bbox 167 785 843 848; baseline -0.003 -14"><span class='ocrx_word' id='word_1_63' title='bbox 167 795 249 848; x_wconf 87' lang='lat' dir='ltr'>potest,</span> <span class='ocrx_word' id='word_1_64' title='bbox 266 787 383 848; x_wconf 81' lang='lat' dir='ltr'>nliqusndo</span> <span class='ocrx_word' id='word_1_65' title='bbox 398 787 462 834; x_wconf 89' lang='lat' dir='ltr'>nobis</span> <span class='ocrx_word' id='word_1_66' title='bbox 472 786 579 834; x_wconf 74' lang='lat' dir='ltr'>libertatis</span> <span class='ocrx_word' id='word_1_67' title='bbox 588 792 677 847; x_wconf 88' lang='lat' dir='ltr'>ternpus</span> <span class='ocrx_word' id='word_1_68' title='bbox 687 785 763 839; x_wconf 84' lang='lat' dir='ltr'>fuisse,</span> <span class='ocrx_word' id='word_1_69' title='bbox 778 787 843 847; x_wconf 80' lang='lat' dir='ltr'>quod</span> 
     </span>
     <span class='ocr_line' id='line_1_11' title="bbox 167 849 841 914; baseline -0.001 -17"><span class='ocrx_word' id='word_1_70' title='bbox 167 852 228 914; x_wconf 87' lang='lat' dir='ltr'>pscis</span> <span class='ocrx_word' id='word_1_71' title='bbox 239 853 354 899; x_wconf 82' lang='lat' dir='ltr'>vobiscum</span> <span class='ocrx_word' id='word_1_72' title='bbox 366 865 411 897; x_wconf 90' lang='lat' dir='ltr'>non</span> <span class='ocrx_word' id='word_1_73' title='bbox 421 851 496 899; x_wconf 83' lang='lat' dir='ltr'>fuerit.</span> <span class='ocrx_word' id='word_1_74' title='bbox 513 886 516 897; x_wconf 87' lang='lat'>.</span> <span class='ocrx_word' id='word_1_75' title='bbox 531 849 602 897; x_wconf 88' lang='lat' dir='ltr'>Nunc</span> <span class='ocrx_word' id='word_1_76' title='bbox 611 857 674 898; x_wconf 84' lang='lat' dir='ltr'>certe</span> <span class='ocrx_word' id='word_1_77' title='bbox 681 850 743 896; x_wconf 67' lang='lat' dir='ltr'>crede</span> <span class='ocrx_word' id='word_1_78' title='bbox 750 865 841 906; x_wconf 85' lang='lat' dir='ltr'>eorum,</span> 
     </span>
     <span class='ocr_line' id='line_1_12' title="bbox 167 915 843 978; baseline 0 -16"><span class='ocrx_word' id='word_1_79' title='bbox 167 917 206 977; x_wconf 91' lang='lat' dir='ltr'>qui</span> <span class='ocrx_word' id='word_1_80' title='bbox 215 931 331 978; x_wconf 84' lang='lat' dir='ltr'>oppresses</span> <span class='ocrx_word' id='word_1_81' title='bbox 340 918 446 965; x_wconf 71' lang='lat' dir='ltr'>tenebam</span> <span class='ocrx_word' id='word_1_82' title='bbox 457 916 587 977; x_wconf 71' lang='lat' dir='ltr'>Syricum,</span> <span class='ocrx_word' id='word_1_83' title='bbox 598 929 651 961; x_wconf 85' lang='lat' dir='ltr'>cum</span> <span class='ocrx_word' id='word_1_84' title='bbox 661 915 758 976; x_wconf 86' lang='lat' dir='ltr'>primum</span> <span class='ocrx_word' id='word_1_85' title='bbox 766 917 843 962; x_wconf 85' lang='lat' dir='ltr'>nostri</span> 
     </span>
     <span class='ocr_line' id='line_1_13' title="bbox 168 980 843 1043; baseline 0 -16"><span class='ocrx_word' id='word_1_86' title='bbox 168 981 251 1028; x_wconf 73' lang='lat' dir='ltr'>arbitrii</span> <span class='ocrx_word' id='word_1_87' title='bbox 261 996 311 1028; x_wconf 90' lang='lat' dir='ltr'>esse</span> <span class='ocrx_word' id='word_1_88' title='bbox 321 982 437 1043; x_wconf 82' lang='lat' dir='ltr'>coepimus,</span> <span class='ocrx_word' id='word_1_89' title='bbox 455 980 568 1042; x_wconf 80' lang='lat' dir='ltr'>extemplo</span> <span class='ocrx_word' id='word_1_90' title='bbox 580 981 683 1026; x_wconf 83' lang='lat' dir='ltr'>venimus</span> <span class='ocrx_word' id='word_1_91' title='bbox 693 980 722 1026; x_wconf 84' lang='lat' dir='ltr'>nd</span> <span class='ocrx_word' id='word_1_92' title='bbox 731 981 843 1028; x_wconf 67' lang='lat' dir='ltr'>medenda</span> 
     </span>
     <span class='ocr_line' id='line_1_14' title="bbox 168 1045 843 1102; baseline 0 -10"><span class='ocrx_word' id='word_1_93' title='bbox 168 1060 245 1102; x_wconf 77' lang='lat' dir='ltr'>smis3</span> <span class='ocrx_word' id='word_1_94' title='bbox 263 1045 375 1092; x_wconf 83' lang='lat' dir='ltr'>dedendos</span> <span class='ocrx_word' id='word_1_95' title='bbox 389 1061 439 1100; x_wconf 86' lang='lat' dir='ltr'>nos,</span> <span class='ocrx_word' id='word_1_96' title='bbox 457 1047 541 1098; x_wconf 75' lang='lat' dir='ltr'>urben,</span> <span class='ocrx_word' id='word_1_97' title='bbox 560 1045 658 1092; x_wconf 73' lang='lat' dir='ltr'>moeuiss</span> <span class='ocrx_word' id='word_1_98' title='bbox 674 1045 758 1091; x_wconf 80' lang='lat' dir='ltr'>nullum</span> <span class='ocrx_word' id='word_1_99' title='bbox 773 1061 843 1092; x_wconf 87' lang='lat' dir='ltr'>recu-</span> 
     </span>
     <span class='ocr_line' id='line_1_15' title="bbox 169 1107 844 1173; baseline 0.003 -17"><span class='ocrx_word' id='word_1_100' title='bbox 169 1107 260 1156; x_wconf 77' lang='lat' dir='ltr'>sandam</span> <span class='ocrx_word' id='word_1_101' title='bbox 268 1109 388 1164; x_wconf 75' lang='lat' dir='ltr'>loctunam,</span> <span class='ocrx_word' id='word_1_102' title='bbox 401 1126 452 1171; x_wconf 82' lang='lat' dir='ltr'>quae</span> <span class='ocrx_word' id='word_1_103' title='bbox 462 1111 567 1173; x_wconf 77' lang='lat' dir='ltr'>imposito</span> <span class='ocrx_word' id='word_1_104' title='bbox 576 1125 590 1156; x_wconf 83' lang='lat' dir='ltr'>s</span> <span class='ocrx_word' id='word_1_105' title='bbox 600 1110 663 1156; x_wconf 82' lang='lat' dir='ltr'>vobis</span> <span class='ocrx_word' id='word_1_106' title='bbox 673 1109 747 1155; x_wconf 85' lang='lat' dir='ltr'>fuerit.</span> <span class='ocrx_word' id='word_1_107' title='bbox 780 1110 844 1158; x_wconf 84' lang='lat' dir='ltr'>Glo-</span> 
     </span>
     <span class='ocr_line' id='line_1_16' title="bbox 169 1173 845 1237; baseline 0.001 -16"><span class='ocrx_word' id='word_1_108' title='bbox 169 1176 225 1221; x_wconf 84' lang='lat' dir='ltr'>risrn</span> <span class='ocrx_word' id='word_1_109' title='bbox 242 1182 314 1236; x_wconf 81' lang='lat' dir='ltr'>csptae</span> <span class='ocrx_word' id='word_1_110' title='bbox 331 1175 474 1224; x_wconf 71' lang='lat' dir='ltr'>nobilissime</span> <span class='ocrx_word' id='word_1_111' title='bbox 488 1173 685 1237; x_wconf 74' lang='lat' dir='ltr'>pulcherrimeque</span> <span class='ocrx_word' id='word_1_112' title='bbox 699 1174 761 1220; x_wconf 87' lang='lat' dir='ltr'>urbis</span> <span class='ocrx_word' id='word_1_113' title='bbox 770 1174 845 1222; x_wconf 80' lang='lat' dir='ltr'>Gree-</span> 
     </span>
     <span class='ocr_line' id='line_1_17' title="bbox 168 1237 844 1300; baseline -0.003 -14"><span class='ocrx_word' id='word_1_114' title='bbox 168 1255 246 1287; x_wconf 82' lang='lat' dir='ltr'>carum</span> <span class='ocrx_word' id='word_1_115' title='bbox 254 1237 301 1286; x_wconf 86' lang='lat' dir='ltr'>Dei</span> <span class='ocrx_word' id='word_1_116' title='bbox 309 1239 348 1286; x_wconf 88' lang='lat' dir='ltr'>tibi</span> <span class='ocrx_word' id='word_1_117' title='bbox 356 1239 472 1293; x_wconf 71' lang='lat' dir='ltr'>dederunt,</span> <span class='ocrx_word' id='word_1_118' title='bbox 484 1239 600 1286; x_wconf 78' lang='lat' dir='ltr'>Marcelle.</span> <span class='ocrx_word' id='word_1_119' title='bbox 618 1237 733 1299; x_wconf 80' lang='lat' dir='ltr'><strong>Quidquid</strong></span> <span class='ocrx_word' id='word_1_120' title='bbox 741 1254 844 1300; x_wconf 77' lang='lat' dir='ltr'>unquam</span> 
     </span>
     <span class='ocr_line' id='line_1_18' title="bbox 169 1303 844 1366; baseline 0.001 -14"><span class='ocrx_word' id='word_1_121' title='bbox 169 1303 229 1351; x_wconf 79' lang='lat' dir='ltr'>terri</span> <span class='ocrx_word' id='word_1_122' title='bbox 236 1305 336 1365; x_wconf 80' lang='lat' dir='ltr'>murique</span> <span class='ocrx_word' id='word_1_123' title='bbox 346 1304 516 1351; x_wconf 81' lang='lat' dir='ltr'>memorandum</span> <span class='ocrx_word' id='word_1_124' title='bbox 526 1304 645 1366; x_wconf 71' lang='lat' dir='ltr'>gessimm,</span> <span class='ocrx_word' id='word_1_125' title='bbox 656 1303 680 1349; x_wconf 81' lang='lat' dir='ltr'>id</span> <span class='ocrx_word' id='word_1_126' title='bbox 690 1304 723 1350; x_wconf 89' lang='lat' dir='ltr'>tui</span> <span class='ocrx_word' id='word_1_127' title='bbox 733 1303 844 1366; x_wconf 81' lang='lat' dir='ltr'>triumphi</span> 
     </span>
     <span class='ocr_line' id='line_1_19' title="bbox 169 1368 846 1430; baseline 0.001 -14"><span class='ocrx_word' id='word_1_128' title='bbox 169 1369 237 1416; x_wconf 84' lang='lat' dir='ltr'>utulo</span> <span class='ocrx_word' id='word_1_129' title='bbox 247 1370 339 1418; x_wconf 85' lang='lat' dir='ltr'>secedit.</span> <span class='ocrx_word' id='word_1_130' title='bbox 374 1368 482 1417; x_wconf 79' lang='lat' dir='ltr'>Femsene</span> <span class='ocrx_word' id='word_1_131' title='bbox 491 1369 552 1416; x_wconf 86' lang='lat' dir='ltr'>credi</span> <span class='ocrx_word' id='word_1_132' title='bbox 562 1369 625 1422; x_wconf 75' lang='lat' dir='ltr'>velis</span> <span class='ocrx_word' id='word_1_133' title='bbox 637 1375 720 1430; x_wconf 73' lang='lat' dir='ltr'>quante</span> <span class='ocrx_word' id='word_1_134' title='bbox 730 1370 782 1415; x_wconf 87' lang='lat' dir='ltr'>urbs</span> <span class='ocrx_word' id='word_1_135' title='bbox 793 1371 809 1415; x_wconf 78' lang='lat' dir='ltr'>&#39;s</span> <span class='ocrx_word' id='word_1_136' title='bbox 819 1377 846 1417; x_wconf 87' lang='lat' dir='ltr'>te</span> 
     </span>
     <span class='ocr_line' id='line_1_20' title="bbox 167 1433 843 1496; baseline -0.001 -16"><span class='ocrx_word' id='word_1_137' title='bbox 167 1441 235 1496; x_wconf 84' lang='lat' dir='ltr'>cspts</span> <span class='ocrx_word' id='word_1_138' title='bbox 249 1434 285 1488; x_wconf 85' lang='lat' dir='ltr'>sit,</span> <span class='ocrx_word' id='word_1_139' title='bbox 297 1449 364 1496; x_wconf 75' lang='lat' dir='ltr'>quesn</span> <span class='ocrx_word' id='word_1_140' title='bbox 377 1435 472 1496; x_wconf 88' lang='lat' dir='ltr'>posteris</span> <span class='ocrx_word' id='word_1_141' title='bbox 486 1449 574 1495; x_wconf 92' lang='lat' dir='ltr'>quoque</span> <span class='ocrx_word' id='word_1_142' title='bbox 584 1448 634 1481; x_wconf 88' lang='lat' dir='ltr'>esm</span> <span class='ocrx_word' id='word_1_143' title='bbox 645 1433 771 1496; x_wconf 78' lang='lat' dir='ltr'>spectaculo</span> <span class='ocrx_word' id='word_1_144' title='bbox 782 1448 843 1489; x_wconf 76' lang='lat' dir='ltr'>esse</span> 
     </span>
     <span class='ocr_line' id='line_1_21' title="bbox 170 1497 846 1564; baseline 0.001 -18"><span class='ocrx_word' id='word_1_145' title='bbox 170 1502 228 1564; x_wconf 85' lang='lat' dir='ltr'>(quo</span> <span class='ocrx_word' id='word_1_146' title='bbox 239 1500 332 1561; x_wconf 89' lang='lat' dir='ltr'>quisque</span> <span class='ocrx_word' id='word_1_147' title='bbox 343 1497 408 1552; x_wconf 78' lang='lat' dir='ltr'>terris,</span> <span class='ocrx_word' id='word_1_148' title='bbox 420 1500 514 1561; x_wconf 84' lang='lat' dir='ltr'>quisque</span> <span class='ocrx_word' id='word_1_149' title='bbox 524 1499 581 1546; x_wconf 82' lang='lat' dir='ltr'>muri</span> <span class='ocrx_word' id='word_1_150' title='bbox 590 1499 684 1552; x_wconf 76' lang='lat' dir='ltr'>venerit,</span> <span class='ocrx_word' id='word_1_151' title='bbox 696 1513 756 1544; x_wconf 84' lang='lat' dir='ltr'>nunc</span> <span class='ocrx_word' id='word_1_152' title='bbox 764 1507 846 1547; x_wconf 82' lang='lat' dir='ltr'>nostre</span> 
     </span>
     <span class='ocr_line' id='line_1_22' title="bbox 168 1562 846 1626; baseline -0.001 -14"><span class='ocrx_word' id='word_1_153' title='bbox 168 1565 199 1612; x_wconf 87' lang='lat' dir='ltr'>de</span> <span class='ocrx_word' id='word_1_154' title='bbox 209 1565 383 1613; x_wconf 71' lang='lat' dir='ltr'>Atheniensibus</span> <span class='ocrx_word' id='word_1_155' title='bbox 395 1562 660 1626; x_wconf 69' lang='lat' dir='ltr'>Carthaginiensibusque</span> <span class='ocrx_word' id='word_1_156' title='bbox 670 1571 761 1625; x_wconf 70' lang='lat' dir='ltr'>tropus,</span> <span class='ocrx_word' id='word_1_157' title='bbox 779 1578 846 1611; x_wconf 86' lang='lat' dir='ltr'>nunc</span> 
     </span>
     <span class='ocr_line' id='line_1_23' title="bbox 170 1627 846 1689; baseline 0 -13"><span class='ocrx_word' id='word_1_158' title='bbox 170 1639 210 1677; x_wconf 84' lang='lat' dir='ltr'>tus</span> <span class='ocrx_word' id='word_1_159' title='bbox 226 1630 255 1678; x_wconf 89' lang='lat' dir='ltr'>de</span> <span class='ocrx_word' id='word_1_160' title='bbox 270 1630 334 1676; x_wconf 84' lang='lat' dir='ltr'>nohis</span> <span class='ocrx_word' id='word_1_161' title='bbox 350 1627 463 1689; x_wconf 80' lang='lat' dir='ltr'>ostendet)</span> <span class='ocrx_word' id='word_1_162' title='bbox 480 1629 649 1688; x_wconf 82' lang='lat' dir='ltr'>incolumesque</span> <span class='ocrx_word' id='word_1_163' title='bbox 667 1628 789 1688; x_wconf 75' lang='lat' dir='ltr'>Syracusas</span> <span class='ocrx_word' id='word_1_164' title='bbox 809 1629 846 1676; x_wconf 84' lang='lat' dir='ltr'>fs-</span> 
     </span>
     <span class='ocr_line' id='line_1_24' title="bbox 170 1691 846 1742; baseline 0 -2"><span class='ocrx_word' id='word_1_165' title='bbox 170 1695 241 1741; x_wconf 81' lang='lat' dir='ltr'>miliae</span> <span class='ocrx_word' id='word_1_166' title='bbox 251 1703 333 1742; x_wconf 81' lang='lat' dir='ltr'>vestrae</span> <span class='ocrx_word' id='word_1_167' title='bbox 348 1695 390 1740; x_wconf 91' lang='lat' dir='ltr'>sub</span> <span class='ocrx_word' id='word_1_168' title='bbox 403 1691 506 1741; x_wconf 68' lang='lat' dir='ltr'>clientelis</span> <span class='ocrx_word' id='word_1_169' title='bbox 516 1694 614 1740; x_wconf 87' lang='lat' dir='ltr'>nominis</span> <span class='ocrx_word' id='word_1_170' title='bbox 628 1692 790 1740; x_wconf 77' lang='lat' dir='ltr'>Marcellorum</span> <span class='ocrx_word' id='word_1_171' title='bbox 805 1701 846 1740; x_wconf 75' lang='lat' dir='ltr'>m-</span> 
     </span>
     <span class='ocr_line' id='line_1_25' title="bbox 170 1755 845 1820; baseline 0 -14"><span class='ocrx_word' id='word_1_172' title='bbox 170 1757 260 1820; x_wconf 69' lang='lat' dir='ltr'>telique</span> <span class='ocrx_word' id='word_1_173' title='bbox 274 1758 384 1806; x_wconf 74' lang='lat' dir='ltr'>habendus</span> <span class='ocrx_word' id='word_1_174' title='bbox 401 1758 492 1819; x_wconf 58' lang='lat' dir='ltr'>trsplss?</span> <span class='ocrx_word' id='word_1_175' title='bbox 510 1757 549 1804; x_wconf 89' lang='lat' dir='ltr'>Ne</span> <span class='ocrx_word' id='word_1_176' title='bbox 561 1758 613 1820; x_wconf 90' lang='lat' dir='ltr'>plus</span> <span class='ocrx_word' id='word_1_177' title='bbox 627 1757 685 1819; x_wconf 85' lang='lat' dir='ltr'>opud</span> <span class='ocrx_word' id='word_1_178' title='bbox 699 1772 741 1804; x_wconf 85' lang='lat' dir='ltr'>vos</span> <span class='ocrx_word' id='word_1_179' title='bbox 755 1755 845 1806; x_wconf 87' lang='lat' dir='ltr'>Hiero-</span> 
     </span>
     <span class='ocr_line' id='line_1_26' title="bbox 171 1821 845 1948; baseline -0.001 -12"><span class='ocrx_word' id='word_1_180' title='bbox 171 1821 443 1936; x_wconf 60' lang='lat' dir='ltr'>lullffilfffflu</span> <span class='ocrx_word' id='word_1_181' title='bbox 451 1821 772 1948; x_wconf 50' lang='lat' dir='ltr'>limittit}</span> <span class='ocrx_word' id='word_1_182' title='bbox 779 1821 845 1935; x_wconf 65' lang='lat' dir='ltr'>{il}</span> 
     </span>
     <span class='ocr_line' id='line_1_27' title="bbox 171 1952 892 2015; baseline -0.006 -15"><span class='ocrx_word' id='word_1_183' title='bbox 171 1954 240 2001; x_wconf 79' lang='lat' dir='ltr'>etism</span> <span class='ocrx_word' id='word_1_184' title='bbox 254 1952 369 2002; x_wconf 75' lang='lat' dir='ltr'>benefecta</span> <span class='ocrx_word' id='word_1_185' title='bbox 382 1953 537 2015; x_wconf 87' lang='lat' dir='ltr'>persensistis;</span> <span class='ocrx_word' id='word_1_186' title='bbox 554 1952 621 2014; x_wconf 86' lang='lat' dir='ltr'>hujus</span> <span class='ocrx_word' id='word_1_187' title='bbox 634 1952 731 1998; x_wconf 80' lang='lat' dir='ltr'>omentis</span> <span class='ocrx_word' id='word_1_188' title='bbox 746 1952 775 1998; x_wconf 85' lang='lat' dir='ltr'>sd</span> <span class='ocrx_word' id='word_1_189' title='bbox 789 1967 844 2013; x_wconf 86' lang='lat' dir='ltr'>per-</span> <span class='ocrx_word' id='word_1_190' title='bbox 888 1953 892 1959; x_wconf 81' lang='lat'>&#39;</span> 
     </span>
     <span class='ocr_line' id='line_1_28' title="bbox 172 2016 844 2081; baseline -0.007 -15"><span class='ocrx_word' id='word_1_191' title='bbox 172 2019 253 2067; x_wconf 81' lang='lat' dir='ltr'>nicietn</span> <span class='ocrx_word' id='word_1_192' title='bbox 261 2025 349 2065; x_wconf 84' lang='lat' dir='ltr'>tentum</span> <span class='ocrx_word' id='word_1_193' title='bbox 359 2019 429 2081; x_wconf 90' lang='lat' dir='ltr'>ipsius</span> <span class='ocrx_word' id='word_1_194' title='bbox 439 2016 536 2065; x_wconf 63' lang='lat' dir='ltr'>vulsit-’⁸</span> <span class='ocrx_word' id='word_1_195' title='bbox 570 2017 654 2064; x_wconf 88' lang='lat' dir='ltr'>Omnis</span> <span class='ocrx_word' id='word_1_196' title='bbox 662 2024 687 2063; x_wconf 89' lang='lat' dir='ltr'>et</span> <span class='ocrx_word' id='word_1_197' title='bbox 697 2017 844 2078; x_wconf 73' lang='lat' dir='ltr'>impetrpbilia</span> 
     </span>
     <span class='ocr_line' id='line_1_29' title="bbox 171 2080 845 2145; baseline -0.001 -14"><span class='ocrx_word' id='word_1_198' title='bbox 171 2090 195 2132; x_wconf 79' lang='lat' dir='ltr'>et</span> <span class='ocrx_word' id='word_1_199' title='bbox 207 2091 255 2144; x_wconf 79' lang='lat' dir='ltr'>tuis</span> <span class='ocrx_word' id='word_1_200' title='bbox 265 2090 329 2131; x_wconf 83' lang='lat' dir='ltr'>erant</span> <span class='ocrx_word' id='word_1_201' title='bbox 338 2083 397 2145; x_wconf 87' lang='lat' dir='ltr'>spud</span> <span class='ocrx_word' id='word_1_202' title='bbox 407 2083 539 2129; x_wconf 72' lang='lat' dir='ltr'>Romanos:</span> <span class='ocrx_word' id='word_1_203' title='bbox 557 2080 616 2128; x_wconf 88' lang='lat' dir='ltr'>inter</span> <span class='ocrx_word' id='word_1_204' title='bbox 625 2083 685 2143; x_wconf 88' lang='lat' dir='ltr'>ipsos</span> <span class='ocrx_word' id='word_1_205' title='bbox 696 2081 746 2142; x_wconf 90' lang='lat' dir='ltr'>plus</span> <span class='ocrx_word' id='word_1_206' title='bbox 753 2081 805 2128; x_wconf 88' lang='lat' dir='ltr'>belli</span> <span class='ocrx_word' id='word_1_207' title='bbox 817 2098 845 2130; x_wconf 88' lang='lat' dir='ltr'>sc</span> 
     </span>
     <span class='ocr_line' id='line_1_30' title="bbox 172 2145 859 2210; baseline -0.004 -14"><span class='ocrx_word' id='word_1_208' title='bbox 172 2147 264 2210; x_wconf 83' lang='lat' dir='ltr'>periculi</span> <span class='ocrx_word' id='word_1_209' title='bbox 280 2155 341 2194; x_wconf 81' lang='lat' dir='ltr'>eret:</span> <span class='ocrx_word' id='word_1_210' title='bbox 360 2163 456 2209; x_wconf 81' lang='lat' dir='ltr'>nemque</span> <span class='ocrx_word' id='word_1_211' title='bbox 471 2146 602 2208; x_wconf 56' lang='grc' dir='ltr'>ΜΨ,</span> <span class='ocrx_word' id='word_1_212' title='bbox 619 2147 676 2193; x_wconf 77' lang='lat' dir='ltr'>trudi</span> <span class='ocrx_word' id='word_1_213' title='bbox 691 2161 716 2194; x_wconf 86' lang='lat' dir='ltr'>se</span> <span class='ocrx_word' id='word_1_214' title='bbox 731 2145 859 2196; x_wconf 73' lang='lat' dir='ltr'>Romanis.</span> 
     </span>
    </p>
   </div>
   <div class='ocr_carea' id='block_1_3' title="bbox 173 2211 923 2273">
    <p class='ocr_par' dir='ltr' id='par_1_3' title="bbox 173 2211 923 2273">
     <span class='ocr_line' id='line_1_31' title="bbox 173 2211 923 2273; baseline -0.003 -13"><span class='ocrx_word' id='word_1_215' title='bbox 173 2215 222 2266; x_wconf 81' lang='lat' dir='ltr'>ruti,</span> <span class='ocrx_word' id='word_1_216' title='bbox 239 2213 426 2260; x_wconf 76' lang='lat' dir='ltr'>mercenariorum</span> <span class='ocrx_word' id='word_1_217' title='bbox 437 2227 526 2273; x_wconf 91' lang='lat' dir='ltr'>quoque</span> <span class='ocrx_word' id='word_1_218' title='bbox 536 2211 631 2260; x_wconf 86' lang='lat' dir='ltr'>militum</span> <span class='ocrx_word' id='word_1_219' title='bbox 645 2211 728 2259; x_wconf 78' lang='lat' dir='ltr'>surdlis</span> <span class='ocrx_word' id='word_1_220' title='bbox 740 2211 765 2256; x_wconf 91' lang='lat' dir='ltr'>io</span> <span class='ocrx_word' id='word_1_221' title='bbox 779 2226 845 2258; x_wconf 87' lang='lat' dir='ltr'>eum·</span> <span class='ocrx_word' id='word_1_222' title='bbox 921 2250 923 2258; x_wconf 33' lang='lat' dir='ltr'>r</span> 
     </span>
    </p>
   </div>
   <div class='ocr_carea' id='block_1_4' title="bbox 173 2275 846 2468">
    <p class='ocr_par' dir='ltr' id='par_1_4' title="bbox 173 2275 846 2468">
     <span class='ocr_line' id='line_1_32' title="bbox 173 2275 845 2340; baseline -0.004 -14"><span class='ocrx_word' id='word_1_223' title='bbox 173 2279 224 2326; x_wconf 82' lang='lat' dir='ltr'>dem</span> <span class='ocrx_word' id='word_1_224' title='bbox 236 2275 364 2340; x_wconf 74' lang='lat' dir='ltr'>compuleire</span> <span class='ocrx_word' id='word_1_225' title='bbox 380 2284 480 2324; x_wconf 83' lang='lat' dir='ltr'>metum:</span> <span class='ocrx_word' id='word_1_226' title='bbox 496 2276 634 2338; x_wconf 71' lang='lat' dir='ltr'>coeptisque</span> <span class='ocrx_word' id='word_1_227' title='bbox 645 2275 719 2328; x_wconf 82' lang='lat' dir='ltr'>ermis,</span> <span class='ocrx_word' id='word_1_228' title='bbox 735 2283 845 2336; x_wconf 75' lang='lat' dir='ltr'>pretores</span> 
     </span>
     <span class='ocr_line' id='line_1_33' title="bbox 173 2340 844 2404; baseline -0.001 -16"><span class='ocrx_word' id='word_1_229' title='bbox 173 2345 270 2404; x_wconf 85' lang='lat' dir='ltr'>primum</span> <span class='ocrx_word' id='word_1_230' title='bbox 285 2343 425 2396; x_wconf 73' lang='lat' dir='ltr'>obtruncant,</span> <span class='ocrx_word' id='word_1_231' title='bbox 441 2341 494 2388; x_wconf 83' lang='lat' dir='ltr'>inde</span> <span class='ocrx_word' id='word_1_232' title='bbox 507 2342 536 2388; x_wconf 88' lang='lat' dir='ltr'>sd</span> <span class='ocrx_word' id='word_1_233' title='bbox 550 2341 636 2388; x_wconf 67' lang='lat' dir='ltr'>oedem</span> <span class='ocrx_word' id='word_1_234' title='bbox 650 2340 844 2401; x_wconf 68' lang='lat' dir='ltr'>Syracusanorum</span> 
     </span>
     <span class='ocr_line' id='line_1_34' title="bbox 174 2401 846 2468; baseline 0 -14"><span class='ocrx_word' id='word_1_235' title='bbox 174 2408 313 2454; x_wconf 73' lang='lat' dir='ltr'>discurruntz</span> <span class='ocrx_word' id='word_1_236' title='bbox 327 2421 428 2468; x_wconf 86' lang='lat' dir='ltr'>quosque</span> <span class='ocrx_word' id='word_1_237' title='bbox 439 2406 487 2453; x_wconf 82' lang='lat' dir='ltr'>sors</span> <span class='ocrx_word' id='word_1_238' title='bbox 497 2406 584 2459; x_wconf 82' lang='lat' dir='ltr'>obtulit,</span> <span class='ocrx_word' id='word_1_239' title='bbox 597 2405 647 2452; x_wconf 77' lang='lat' dir='ltr'>irati</span> <span class='ocrx_word' id='word_1_240' title='bbox 658 2401 797 2458; x_wconf 67' lang='lat' dir='ltr'>interleeire,</span> <span class='ocrx_word' id='word_1_241' title='bbox 809 2413 846 2454; x_wconf 83' lang='lat' dir='ltr'>et·</span> 
     </span>
    </p>
   </div>
   <div class='ocr_carea' id='block_1_5' title="bbox 174 2470 923 2533">
    <p class='ocr_par' dir='ltr' id='par_1_5' title="bbox 174 2470 923 2533">
     <span class='ocr_line' id='line_1_35' title="bbox 174 2470 923 2533; baseline -0.004 -15"><span class='ocrx_word' id='word_1_242' title='bbox 174 2486 218 2532; x_wconf 89' lang='lat' dir='ltr'>que</span> <span class='ocrx_word' id='word_1_243' title='bbox 229 2471 310 2523; x_wconf 82' lang='lat' dir='ltr'>omnis,</span> <span class='ocrx_word' id='word_1_244' title='bbox 326 2485 379 2531; x_wconf 82' lang='lat' dir='ltr'>quae</span> <span class='ocrx_word' id='word_1_245' title='bbox 393 2471 417 2517; x_wconf 91' lang='lat' dir='ltr'>in</span> <span class='ocrx_word' id='word_1_246' title='bbox 431 2479 522 2533; x_wconf 87' lang='lat' dir='ltr'>promtu</span> <span class='ocrx_word' id='word_1_247' title='bbox 532 2479 603 2525; x_wconf 72' lang='lat' dir='ltr'>erunt,</span> <span class='ocrx_word' id='word_1_248' title='bbox 617 2470 767 2532; x_wconf 83' lang='lat' dir='ltr'>diripuerunt:</span> <span class='ocrx_word' id='word_1_249' title='bbox 785 2477 843 2526; x_wconf 78' lang='lat' dir='ltr'>trum,</span> <span class='ocrx_word' id='word_1_250' title='bbox 921 2494 923 2497; x_wconf 95' lang='lat'>·</span> 
     </span>
    </p>
   </div>
   <div class='ocr_carea' id='block_1_6' title="bbox 171 2532 846 2667">
    <p class='ocr_par' dir='ltr' id='par_1_6' title="bbox 171 2532 846 2667">
     <span class='ocr_line' id='line_1_36' title="bbox 174 2532 846 2599; baseline 0.003 -17"><span class='ocrx_word' id='word_1_251' title='bbox 174 2549 203 2588; x_wconf 84' lang='lat' dir='ltr'>ne</span> <span class='ocrx_word' id='word_1_252' title='bbox 220 2536 267 2582; x_wconf 85' lang='lat' dir='ltr'>sine</span> <span class='ocrx_word' id='word_1_253' title='bbox 283 2534 376 2583; x_wconf 82' lang='lat' dir='ltr'>ducibus</span> <span class='ocrx_word' id='word_1_254' title='bbox 393 2545 477 2592; x_wconf 84' lang='lat' dir='ltr'>essent,</span> <span class='ocrx_word' id='word_1_255' title='bbox 497 2552 539 2584; x_wconf 85' lang='lat' dir='ltr'>sex</span> <span class='ocrx_word' id='word_1_256' title='bbox 556 2535 674 2599; x_wconf 71' lang='lat' dir='ltr'>prefectos</span> <span class='ocrx_word' id='word_1_257' title='bbox 689 2532 800 2589; x_wconf 63' lang='lat' dir='ltr'>essurire,</span> <span class='ocrx_word' id='word_1_258' title='bbox 819 2544 846 2584; x_wconf 86' lang='lat' dir='ltr'>ut</span> 
     </span>
     <span class='ocr_line' id='line_1_37' title="bbox 171 2600 846 2667; baseline 0.007 -19"><span class='ocrx_word' id='word_1_259' title='bbox 171 2601 231 2648; x_wconf 84' lang='lat' dir='ltr'>terni</span> <span class='ocrx_word' id='word_1_260' title='bbox 242 2600 379 2662; x_wconf 82' lang='lat' dir='ltr'>Aehredinae</span> <span class='ocrx_word' id='word_1_261' title='bbox 389 2614 415 2652; x_wconf 81' lang='lat' dir='ltr'>so</span> <span class='ocrx_word' id='word_1_262' title='bbox 423 2601 488 2654; x_wconf 74' lang='lat' dir='ltr'>Naso</span> <span class='ocrx_word' id='word_1_263' title='bbox 498 2609 630 2667; x_wconf 72' lang='lat' dir='ltr'>praeesmt.</span> <span class='ocrx_word' id='word_1_264' title='bbox 664 2600 748 2652; x_wconf 70' lang='lat' dir='ltr'>Seleu</span> <span class='ocrx_word' id='word_1_265' title='bbox 754 2601 846 2653; x_wconf 67' lang='lat' dir='ltr'>tandem</span> 
     </span>
    </p>
   </div>
   <div class='ocr_carea' id='block_1_7' title="bbox 0 0 942 2917">
    <p class='ocr_par' dir='ltr' id='par_1_7' title="bbox 0 0 942 2917">
     <span class='ocr_line' id='line_1_38' title="bbox 0 0 942 2917; baseline 0 0"><span class='ocrx_word' id='word_1_266' title='bbox 0 0 942 2917; x_wconf 95' lang='lat' dir='ltr'> </span> 
     </span>
    </p>
   </div>
  </div>
 </body>
</html>
