1850 2917
163 137 211 194 352
272 131 302 184 Τ.
316 132 475 185 leumu
489 132 722 186 mxccnass.

161 265 277 314 victoriam
287 265 347 312 haud
357 265 444 312 sluhiam
456 265 553 328 Syphaci
563 266 636 322 deuia
650 273 675 312 et
684 282 715 314 ne
724 265 833 330 εῦίιςὶω

162 330 251 390 quidem
264 331 352 392 patebat
367 331 419 377 hinc
433 329 537 384 alronte,
553 331 643 377 hincab
653 338 719 393 tergo
730 332 831 380 inclusis.

162 392 242 456 Itaque
256 395 332 441 caeteri
345 395 430 457 pedites
444 397 573 456 equitesque
585 396 638 442 caesi
648 403 688 442 aut
698 397 773 458 capti:
792 397 834 444 du·

163 467 241 506 cantos
250 459 320 506 ferme
331 461 415 520 equites
429 460 551 506 Masinissa
564 459 623 506 circa
638 475 662 506 se
676 463 832 523 conglobatos¹

163 523 290 584 divisosque
304 525 416 572 turmatim
432 525 455 570 in
469 532 516 571 tres
529 532 610 586 partes,
626 540 743 586 erumpere
753 527 833 589 jubet;

161 588 212 636 loco
223 590 336 651 praedicto,
348 590 371 635 in
382 605 449 650 quam
460 605 489 636 cx
499 587 604 650 dissipatis
613 591 761 636 convenirent
768 589 831 652 fugi.

163 651 224 714 lpse,
236 651 280 714 qut
291 655 420 708 intenderat,
432 655 491 701 inter
502 655 573 700 media
584 654 628 700 tela
637 655 737 700 hostium
747 657 832 704 evau't:

162 718 213 764 duae
224 725 305 764 turmae
315 716 413 766 haesere:
432 719 502 766 altera
515 727 576 765 metu
590 718 664 766 dedita
674 720 749 778 hosti·;
764 721 835 782 perti-

920 408 922 487 l

162 782 238 829 nacior
259 783 282 828 in
304 783 447 845 repugnando
467 785 517 830 telis
536 785 615 830 obruta
635 783 769 830 etcoufixa
787 792 831 831 eat.
922 824 923 851 ζ

164 845 294 894 Verminam
311 863 379 910 prope
396 849 496 910 vestigiis
514 849 641 900 instantem,
659 847 685 895 in
703 849 747 900 alia
764 856 835 910 atqua

162 911 205 958 alia
220 911 330 958 flectendo
346 913 425 959 itinera
440 913 539 966 eludens,
557 912 624 958 taerlio
640 920 663 959 et
679 913 834 973 desperatione

162 975 251 1027 huden
265 975 356 1030 fessum,
364 978 478 1024 absistere
492 977 604 1037 sequendo
614 977 702 1038 coegit:
720 978 769 1038 ipse
780 984 846 1024 cum.

162 1041 279 1101 magiam
288 1041 397 1101 equitibus
407 1042 435 1088 ad
445 1042 554 1095 minorem
565 1041 650 1100 Syrtim
660 1043 768 1101 901va
789 1041 832 1097 lbi,
924 1055 925 1102 ]

162 1119 215 1150 cum
229 1101 364 1152 conscientiis
379 1103 471 1166 egregii
485 1120 545 1165 saepe
560 1104 646 1165 repetiti
661 1106 725 1166 regui
735 1108 832 1166 paterni,

163 1169 222 1218 inter
233 1161 319 1216 Punica
329 1168 436 1230 Emporia
445 1176 581 1230 gentemque
592 1169 755 1216 Garamantmn
763 1185 833 1219 omae

164 1239 258 1294 tempus,
277 1248 347 1294 usque
363 1234 391 1281 ad
406 1231 434 1281 C.
448 1232 515 1279 Laelii
530 1233 649 1293 classisque
665 1233 832 1285 Romanaeua
924 1205 925 1246 l

163 1305 256 1346 ventum
267 1298 289 1344 in
300 1297 408 1350 Africam,
420 1297 550 1344 consumsit.
587 1295 647 1343 Haeo
657 1299 756 1344 animum
766 1299 833 1346 inui-

164 1369 225 1413 nant,
242 1368 267 1408 ut
282 1377 333 1408 omn
343 1363 431 1410 modico
441 1363 524 1424 potius,
539 1377 606 1422 quam
616 1377 667 1408 cum
678 1377 762 1424 magno
772 1379 833 1425 prae-
923 1404 924 1413 ,

163 1425 219 1473 sidio
237 1427 342 1488 equitum,
360 1428 388 1475 ad
405 1427 532 1489 Scipionem
546 1442 634 1487 quoque
649 1434 727 1488 postea
743 1429 833 1477 venisse

163 1489 307 1542 Masinissam
319 1491 419 1539 credam:
437 1492 518 1553 quippe
529 1491 568 1538 illa
577 1492 691 1553 regnantis
701 1492 831 1549 multitudo,

162 1555 211 1602 hsec
251 1558 320 1604 ucitss
330 1556 421 1610 exsulis,
431 1556 529 1602 fortunae
539 1556 674 1603 conveniens
684 1563 726 1602 est.

197 1619 222 1666 X
250 1620 320 1667 XIV.
340 1619 542 1683 Carthaginienses,
555 1618 592 1667 all
600 1621 702 1680 equitum
709 1635 833 1684 cumprae·

161 1679 222 1736 fecto
230 1684 317 1738 amissa,
327 1686 369 1732 alio
378 1686 477 1746 equitatu
484 1701 524 1746 per
532 1701 615 1732 novum
622 1685 733 1732 ddecurm
741 1702 834 1750 compa.

162 1755 219 1802 rato,
233 1747 369 1796 Hannonem
382 1748 517 1796 Hamilcaris
526 1749 596 1796 filiurn
606 1748 738 1811 praeficiunt.
769 1751 834 1800 Has-

163 1811 276 1860 drubalem
288 1813 379 1862 suhinde
389 1829 415 1860 ac
427 1815 551 1876 Syphacem
558 1830 599 1875 per
605 1815 679 1860 literas
687 1816 832 1877 nuntiosque,

163 1885 277 1940 postremo
287 1879 356 1929 etium
364 1894 403 1940 per
414 1879 508 1940 legatos,
520 1885 646 1925 mcessunt:
666 1878 833 1930 Hasdrubaler:

164 1957 229 2004 opem
239 1942 297 1990 ferre
307 1958 376 2005 prope
386 1944 538 1992 circumsessa
547 1943 626 2004 patriae
631 1944 723 2005 jubent:
743 1938 835 2007 Sypha-⁴

163 2022 212 2054 cem
223 2016 295 2062 orant,
307 2016 333 2054 ut
344 2005 483 2069 Carthagini,
498 2015 523 2056 ut
534 2008 643 2057 rmivarsae
654 2006 740 2057 muca
751 2011 834 2058 suhve·

164 2072 217 2118 nist.
252 2073 291 2118 Ad
310 2071 402 2120 Uticam
420 2079 470 2118 tum
489 2079 561 2123 austra
580 2072 660 2132 Scipio,
680 2071 753 2118 ferme
770 2073 833 2121 mille

163 2137 350 2196 passusahurbe,
366 2137 465 2189 habehat,
480 2135 682 2186 translataamari,
699 2136 834 2198 uhipauoos

162 2198 210 2250 dies
221 2201 301 2246 stativa
311 2201 430 2262 conjuncta
440 2201 505 2246 classi
515 2199 609 2246 fuerant.
642 2199 735 2254 Hanno,
747 2200 835 2263 nequa-

163 2277 230 2324 quam
241 2265 294 2310 sstis
305 2263 385 2317 valido,
398 2278 443 2311 non
455 2265 522 2310 modo
533 2264 561 2310 ad
569 2265 724 2321 lacessendum
733 2266 833 2320 hostem,

163 2327 203 2374 sed
221 2342 250 2373 ne
268 2326 302 2372 ad.
314 2327 408 2374 tuendos
427 2329 516 2388 quidem
532 2344 546 2375 a
561 2328 739 2390 populationibus
755 2345 832 2392 agros,

163 2390 262 2450 equitatu
272 2397 370 2450 accepto,
382 2392 405 2438 id
416 2394 516 2438 omnium
524 2393 619 2453 primum
627 2393 681 2454 egit,
693 2400 720 2438 ut
728 2409 770 2454 per
777 2411 834 2442 con-

118 2499 126 2508 ·
162 2453 303 2512 quisitionem
314 2468 431 2502 numerum
441 2457 541 2516 equitum
556 2463 661 2518 augeret:
682 2471 726 2504 nec
738 2459 834 2506 fflmmn

162 2516 264 2576 gentium
283 2517 432 2578 adspernatus,
456 2522 554 2567 maxime
572 2529 647 2568 tamen
665 2520 779 2570 Numidas
797 2525 815 2586 (“

162 2577 231 2638 longe
241 2580 337 2639 primurn
348 2584 446 2643 equitum
457 2585 481 2630 in
492 2582 571 2632 Africi
581 2592 615 2632 est
622 2583 705 2646 genus)
717 2587 831 2634 conducit.

161 2639 215 2704 ,Iam
225 2642 254 2690 ad
264 2651 358 2706 quatuor
368 2648 436 2698 millis
446 2649 546 2710 equitum
557 2651 656 2706 hahebat,
667 2665 720 2700 cum
731 2651 832 2709 Salsum
