1850 2917
124 113 155 157 12
231 106 260 155 T.
275 104 363 157 LIVII
379 106 432 156 L'rs.
446 104 545 155 XXIV.
564 103 625 158 Cur.
640 108 678 157 10·
736 127 740 130 ·

120 238 157 287 M.
175 237 298 285 Marcellus
316 238 413 285 tertium.
455 238 555 285 Eosdenr
576 238 679 285 consules
699 243 791 286 mesre

120 304 228 349 centuriae
246 303 295 349 sine
312 304 433 350 variatione
449 301 496 349 ulli
510 304 620 350 dixerum.
655 302 689 349 Et
704 311 791 364 prretor

121 382 180 413 unus
193 366 288 413 refectus
307 366 339 421 Q„
352 367 446 416 Fulvius
462 367 569 414 Flaccus:
589 365 695 413 novi'nlii
712 368 791 421 crecti,

120 430 150 479 Τ.
161 431 268 479 Otacilius
280 430 375 480 Crassus
385 433 474 486 iterum,
485 432 516 485 Q.
528 431 610 478 Fabius
616 432 714 477 consulis
720 431 790 485 filius,

121 496 220 557 quitum
237 496 307 542 aedilis
323 496 405 543 curulis
422 504 477 549 emt,
497 496 524 543 P.
536 495 655 544 Cornelius
666 495 790 542 Lentulus.=

121 559 227 609 comitiis
236 566 358 622 praetorum
368 560 479 621 perfectis,
496 560 725 607 senatus-consultum
739 559 791 607 fec·

120 631 169 673 tum
186 632 226 678 est
245 632 270 671 nt
289 623 322 677 Q
339 624 420 671 Fulvio
441 633 505 672 extra
520 625 621 672 ordinem
637 626 720 671 urbnnn
735 640 791 685 pro-

118 690 193 737 vincis
200 696 273 735 esset:
292 689 355 749 isque
364 690 511 751 potissimum,
524 689 651 736 consulibus
666 688 695 735 nd
704 690 791 735 bellum

119 752 231 817 proiectis,
245 752 302 799 Urbi
313 761 425 813 praeesset.
460 755 536 814 Aquae
546 769 636 815 mognae
646 754 680 799 bis
689 768 717 801 eo
728 768 791 800 anno

118 818 224 865 fuerunt:
249 816 380 879 'liberisque
402 834 470 880 agros
492 819 608 865 inundavit
629 833 680 864 cum
705 816 792 880 maguti

120 890 197 945 strage
210 888 327 935 tectorum,
346 898 495 944 pecorumque
510 890 534 929 et
546 881 665 929 homiuum
681 882 788 943 pernicie.

120 946 209 1001 Quinto
223 961 283 993 enno
300 948 390 993 secundi
403 946 484 994 Punici
497 948 556 1000 belli,
576 946 607 1001 Q.
618 946 700 993 Fabius
710 946 793 993 Muxi-

117 1026 169 1057 mus
179 1017 290 1071 quartum,
306 1010 342 1057 Μ.
355 1009 461 1059 Claudius
477 1011 599 1059 Marcellus
616 1012 714 1064 tertium,
733 1026 793 1057 con·

119 1076 216 1121 sulatum
226 1074 336 1129 ineuntes,
348 1076 398 1137 plus
408 1078 474 1123 solito
484 1083 641 1123 converterant
657 1076 680 1122 in
695 1092 720 1122 se
733 1075 791 1122 civi·

121 1140 174 1187 tatis
190 1139 289 1187 animos:
308 1140 384 1186 multis
399 1141 458 1187 enim
472 1141 536 1187 annis
554 1141 599 1187 tsle
616 1140 732 1186 consulum
749 1155 793 1201 pur

66 1246 69 1257 ,
119 1218 166 1251 non
176 1202 255 1251 suerst.
285 1203 420 1251 Referebant
431 1220 502 1258 senes,
515 1206 547 1251 sic
557 1205 685 1251 Maximum
693 1204 790 1251 Rullum

120 1284 173 1315 cum
184 1268 212 1315 P.
224 1267 298 1316 Decio
308 1268 336 1315 sd
345 1270 427 1315 bellum
440 1270 559 1323 Gallicum,
577 1271 609 1316 sic
625 1277 704 1331 postes
720 1268 790 1330 Papi·

119 1334 177 1380 rium
194 1331 360 1394 Carviliumque
376 1334 482 1381 adversus
499 1334 618 1388 Ssmnitcs,
633 1333 789 1394 Bruttiosque,

119 1406 144 1444 et
158 1396 276 1445 Lucanum
292 1412 343 1444 cum
362 1392 487 1445 Tirentino
499 1399 613 1460 populum,
628 1399 732 1445 consules
749 1398 790 1445 ‹le-

35 1502 48 1513 .,
118 1463 220 1509 citratos.
256 1462 345 1509 Absens
353 1462 476 1509 Marcellus
487 1464 566 1510 consul
581 1470 675 1517 orestus,
692 1478 743 1509 cum
759 1463 789 1509 ed

118 1526 242 1579 exercitum
257 1534 332 1584 csset;
348 1528 452 1589 praesenti
464 1526 541 1581 sabio,
553 1537 621 1587 atque
635 1528 684 1590 ipso
698 1526 790 1575 comitis

118 1592 221 1645 habente,
236 1592 363 1639 consulatus
378 1592 526 1639 continuatus.
561 1592 662 1653 Tempus
673 1608 699 1639 sc
710 1606 791 1655 neces-

120 1658 175 1703 sitas
188 1655 246 1709 belli,
259 1670 285 1702 sc
295 1656 412 1704 discrimen
424 1672 519 1704 summae
533 1673 614 1711 renim,
630 1656 747 1709 faciebant,
759 1671 789 1703 ne

120 1720 169 1781 quis
180 1727 219 1767 aut
228 1720 252 1766 iu
263 1721 388 1783 exemplum
397 1722 528 1783 exquireret,
540 1730 579 1768 nut
587 1728 714 1783 nispectum
725 1721 791 1782 cupi-

119 1784 195 1832 ditatis
207 1784 292 1846 imperii
302 1786 416 1832 consulem
433 1787 536 1833 haberet:
554 1786 609 1847 quin
619 1786 737 1833 lnurlsbnnt
746 1801 790 1847 po-

119 1850 165 1897 tins
175 1849 350 1911 magnitudinem
361 1850 436 1903 mimi,
448 1850 514 1911 quod,
527 1866 578 1897 cum
589 1865 678 1897 summo
694 1851 791 1911 impers-

119 1922 169 1961 tore
179 1928 228 1962 esse
239 1928 295 1975 opus
305 1915 429 1976 reipublicae
438 1916 510 1968 sciret,
520 1931 588 1976 seque
597 1930 649 1962 eum
657 1914 791 1961 hauddubie

117 1994 174 2033 esse,
186 1978 279 2025 minoris
297 1979 401 2027 invidiam
419 1995 489 2033 susm,
506 1979 525 2026 si
541 1994 585 2041 qun
600 1994 630 2027 ex
644 1993 669 2026 re
684 1980 788 2033 oriretur,

119 2057 187 2104 quom
196 2042 314 2089 utilitatem
326 2044 459 2105 reipublicae,
471 2044 567 2091 fecisset

151 2106 184 2153 X.
204 2106 258 2161 Quo
268 2107 304 2154 rlie
314 2110 471 2170 msgistrstum
478 2109 575 2156 inierunt
581 2111 692 2162 oonmles,
697 2116 789 2156 senstus

117 2172 142 2219 in
158 2169 270 2233 Capitolio
283 2180 318 2219 est
334 2173 432 2220 habitus:
452 2173 611 2235 decretumque
626 2175 726 2221 omnium
742 2173 789 2235 pri·

117 2250 188 2289 mum,
200 2242 226 2282 ut
234 2237 336 2283 consules
342 2238 482 2292 sortirentur,
495 2250 676 2301 compararentve
685 2239 744 2285 inter
755 2253 787 2290 se.

118 2308 169 2349 nter
184 2300 313 2347 censoribus
331 2302 431 2349 creandis
447 2304 538 2350 comitis
551 2304 647 2357 haberer,
659 2304 788 2365 priusquam

118 2365 147 2413 ed
154 2364 278 2411 exercitum
286 2363 469 2427 proficisceretur.
498 2366 650 2429 Prorogatum
658 2367 738 2415 deinde
744 2366 789 2412 im-

116 2428 204 2491 perium
215 2430 324 2485 omnibus,
336 2432 375 2492 qui
389 2432 419 2479 nd
434 2432 546 2479 exercitus
562 2440 632 2486 erunt.
646 2432 749 2495 juss'mue
764 2430 788 2476 in

117 2492 238 2557 prouinciis
254 2510 350 2550 manere,
370 2495 407 2543 Tr.
422 2497 540 2545 Gracchus
554 2496 664 2551 Luceria,
682 2495 720 2543 ubi
735 2509 788 2542 cum

117 2558 225 2605 volonum
236 2560 335 2607 exercitu
349 2567 405 2616 emt,
424 2559 584 2610 asemon
598 2560 674 2608 Varro
690 2562 714 2607 in
732 2574 788 2621 agro

116 2621 211 2679 Piceno,
221 2622 314 2673 Munius
323 2624 462 2691 Pomponius
473 2626 497 2675 in
505 2626 607 2676 Gallico:
620 2641 650 2675 ex
657 2624 789 2693 praetentu·
