1850 2917
160 140 190 187 1⁸
268 136 297 185 T.
312 134 400 184 LIVII
417 135 470 185 Ius.
484 134 581 185 XXIV·
600 133 659 189 Cu·
675 135 713 188 10:

156 268 248 331 signum
259 268 305 315 dari
315 282 408 329 propere
413 267 488 329 jussit,
506 267 662 328 “projicerent
672 264 751 327 sapiu,
762 264 828 314 inru-
921 235 922 252 d

98 353 105 371 ι
156 334 278 394 derentque
292 333 386 379 hostem.
423 330 513 379 Ciornm
528 332 581 378 sotis
594 338 620 378 et
632 332 744 392 insignem
754 331 828 386 virtu·

84 392 89 401 ⁴
156 405 203 445 tem
221 414 285 454 esse;
308 412 349 443 nec
368 397 456 443 dubiam
475 396 596 442 libertatem
614 394 712 442 futuram
728 394 843 443 strenuis⁴

135 488 137 493 ·
156 461 237 509 viris-’¹
270 462 331 508 Tum
343 461 492 521 redintegrate
501 475 577 522 pugna
587 469 628 513 est,
644 467 668 505 et
677 475 746 520 eques
756 459 829 507 etism

156 528 180 573 in
196 528 283 574 hostem
300 526 400 573 emissus.
436 524 525 578 Quibus
540 540 592 570 num
606 525 702 585 impigre
716 524 829 572 Numidae

156 592 327 644 concurrissent,
350 606 392 636 nec
414 590 504 651 segnior
522 590 621 649 equitum
640 604 713 648 quam<
725 588 829 650 peditum

155 672 233 718 pugna
248 664 315 709 esset,
332 656 412 701 iterum
429 654 452 699 in
469 654 559 699 dubium
575 654 669 699 adducta
684 669 727 699 res.
763 652 829 701 Cum

155 722 268 781 utrimque
286 721 360 773 duces,
383 718 502 765 Romanus
520 717 635 764 Bruttium
654 717 828 779 Lucanumque,

156 786 223 832 toties
240 800 253 831 a
268 785 387 847 majoribus
404 782 449 830 suis
465 783 538 829 victos
554 784 715 842 subactosque3
737 781 830 831 Poenus

156 848 266 911 mancipis
275 849 380 896 Romana
390 854 413 894 et
423 862 452 893 ex
463 848 575 908 ergastulo
585 848 685 900 militem,
701 847 774 893 verbis
785 850 830 895 ob-

156 916 254 972 tereret3
275 920 388 975 postremo
404 913 533 974 pronuntiat
552 912 675 964 Gracchus,
696 928 745 958 esse
761 912 827 968 nihil,

89 1010 91 1014 ,
156 978 217 1039 quod
227 980 254 1025 de
265 979 364 1025 libertate
376 984 495 1039 sperarent,
512 976 554 1022 nisi
565 992 592 1023 eo
603 976 638 1023 die
651 975 695 1023 fusi
708 976 829 1039 fugatique

155 1044 234 1089 hostes
245 1051 326 1091 essent.

190 1106 262 1154 XVI.
281 1107 317 1155 Eu
328 1108 417 1155 demum
427 1122 474 1155 vox
483 1108 516 1154 itu
527 1108 613 1154 animos
627 1106 733 1160 accendit,
748 1114 835 1169 atque,

157 1178 264 1220 renovato
275 1173 378 1227 elamore,
394 1174 456 1221 velut
470 1173 507 1219 alii
519 1179 609 1235 repente
617 1171 678 1225 facti,
694 1170 756 1219 tanti
766 1174 789 1219 vi
800 1190 829 1223 se
866 1196 870 1201 ·

156 1237 180 1283 in
190 1238 277 1285 hostem
288 1238 417 1290 intulerunt,
434 1244 458 1283 ut
474 1238 577 1283 sustineri
590 1238 648 1284 ultre
662 1252 708 1282 non
723 1246 825 1299 possent.

157 1300 235 1349 Primo
252 1303 391 1363 antesignani
407 1301 538 1356 Poenorum,
558 1302 637 1348 deinde
655 1302 720 1363 signu
737 1312 829 1362 pertur.

156 1367 222 1423 Βαίας
238 1374 352 1429 postremo
366 1374 414 1413 tota
428 1366 524 1428 impulsa
537 1367 609 1423 ucies3
625 1366 678 1412 iude
690 1365 828 1417 hauddubie

158 1438 222 1493 terge
232 1430 296 1490 datu
314 1438 424 1493 ruuntque
434 1430 547 1493 fugientes
557 1431 579 1476 in
591 1438 668 1484 eastra,
685 1431 740 1477 adeo
750 1432 827 1493 pavidi

157 1496 285 1557 trepidique,
300 1504 326 1543 ut
336 1511 365 1543 ne
375 1497 399 1541 in
409 1496 479 1558 portis
490 1496 578 1556 quidem
589 1503 628 1542 aut
638 1496 696 1541 vello
707 1496 826 1555 quisquam

157 1561 268 1614 restiterit,
287 1576 312 1607 ec
327 1576 396 1623 prope
410 1561 532 1607 continenti
547 1561 636 1623 agmine
652 1559 750 1607 Romani
764 1561 826 1609 inse-
910 1613 912 1616 ,

157 1625 209 1678 cuti,
222 1640 306 1671 novum
317 1626 344 1672 de
354 1626 442 1687 integro
453 1625 556 1687 proelium
567 1625 646 1671 inclusi
656 1625 752 1686 hostium
763 1626 824 1674 vallo

156 1690 271 1736 ediderint.
288 1746 291 1753 Ι
306 1688 341 1736 Ibi
360 1691 417 1737 sicut
433 1682 509 1751 pugna
525 1690 649 1768 impeditior
664 1688 688 1735 in
704 1692 822 1752 angustiis,

157 1753 187 1800 ita
198 1754 270 1801 caedes
280 1755 375 1801 atrocior
384 1754 437 1801 fuit:
456 1762 479 1800 et
489 1754 594 1817 adjuvere
600 1755 688 1816 captivi,
700 1755 746 1814 qui,
759 1755 822 1817 r'epto

155 1818 214 1865 inter
224 1819 344 1878 tumultum
355 1820 421 1874 ferro,
438 1819 565 1880 conglobati
579 1826 602 1865 et
616 1819 643 1865 eb
657 1824 726 1881 tergo*
736 1820 822 1868 cecide-
873 1844 879 1849 ·

156 1890 210 1929 runt
225 1882 317 1938 Poenos,
335 1891 358 1931 et
373 1884 450 1946 iugum
466 1884 619 1945 impedierunt
655 1882 735 1944 Itaque
748 1885 823 1934 minus
850 1939 854 1948 Ι

155 1948 200 1994 duo
214 1948 283 1995 miliia
296 1949 411 1995 hominum
428 1963 456 1995 ex
470 1955 533 1995 tento
548 1948 654 2001 exercitu,
672 1956 696 1995 et
711 1964 738 1994 ee
751 1951 823 2012 nujor

155 2028 207 2074 pers
217 2013 323 2073 equitum,
340 2030 391 2060 curn
406 2014 454 2075 ipso
469 2013 526 2059 duee
538 2011 677 2075 effingerunt:
696 2012 732 2059 alii
743 2029 822 2063 omnes

155 2078 208 2125 cresi
216 2085 255 2124 eut
265 2078 334 2140 septi:
352 2086 416 2139 eapte
425 2086 448 2125 et
457 2079 522 2139 signa
531 2077 755 2139 duodequadraginta.
782 2078 822 2129 Ex

154 2141 275 2189 victoribus
290 2143 334 2189 duo
349 2144 418 2189 millia
431 2142 502 2189 ferme
517 2140 622 2189 cecidere.
658 2141 739 2189 Praedu
750 2147 822 2193 omnis

156 2206 316 2269 (praeterqusm
327 2209 442 2255 hominum
450 2205 576 2269 captorum)
588 2207 652 2253 militi
660 2223 766 2255 concessa
773 2218 820 2262 est:

155 2278 178 2317 et
188 2286 256 2332 pecus
267 2278 384 2335 exceptum
395 2280 437 2328 est,
449 2273 510 2335 quod
519 2274 578 2319 intra
585 2272 632 2319 dies
640 2273 732 2335 triginta
739 2268 822 2323 domini

155 2337 323 2397 cognovissent.
350 2336 409 2386 Cum
419 2335 496 2401 praedri
505 2338 580 2384 onusti
591 2338 695 2385 incastris
705 2335 821 2397 redissent,

155 2408 250 2463 quatuor
260 2403 329 2450 rniiiis
336 2402 407 2451 ferme
420 2404 527 2451 volonum
541 2404 644 2457 militum,
659 2404 697 2465 qui
707 2419 822 2467 pugnave-

155 2474 206 2513 runt
221 2468 319 2529 segnius,
340 2470 420 2515 necin
437 2470 649 2531 custmirruperuut
667 2469 739 2523 simul,
760 2478 822 2523 metu
870 2500 873 2504 -

154 2545 230 2593 poenae
243 2532 323 2585 collem
338 2533 397 2581 haud
410 2536 489 2596 procui
502 2535 581 2581 castris
595 2542 714 2597 ceperunt:
732 2543 821 2596 postero

155 2594 191 2643 die
200 2612 240 2659 per
249 2598 350 2647 tribunos
360 2600 455 2647 miiitum
470 2601 522 2648 inde
535 2600 631 2654 deducti,
647 2602 753 2647 concione
764 2602 821 2649 miii.

154 2667 203 2711 tun
219 2662 355 2735 advocetis
369 2666 487 2724 Graccho,
506 2667 671 2733 superveniunt
707 2664 754 2714 Ubi
770 2681 819 2733 oum
845 2672 848 2677 '
