1850 2917
201 139 232 193 Τ.
246 138 334 195 mvn
350 143 403 195 Lsn.
417 145 504 196 XXX.
522 145 587 217 Can
598 143 636 194 19.
707 145 754 195 mr

83 273 203 323 fflbtn'buit.
238 275 347 324 Exercitu
357 277 416 324 haud
430 278 523 331 minore,
540 291 608 338 quam
618 287 684 338 quem
693 275 757 339 prius

83 339 198 394 habuerat,
204 366 210 370 -
216 349 322 388 caeterum
335 341 396 388 omni
406 357 476 404 prope
485 357 546 388 novo
556 349 623 402 atque
631 342 754 396 incondito,

81 405 118 452 ire
128 405 156 452 ad
166 405 243 452 hostes
250 407 331 468 pergit.
358 403 398 460 Et,
411 408 489 453 eastris
499 409 523 452 in
533 408 657 469 propinquo
667 406 753 468 positis,

83 470 157 532 prim0
167 472 233 532 pauci
241 471 325 531 equites
336 485 365 517 ex
375 477 425 517 tuto
436 473 575 534 speculantes
585 473 613 517 ub
623 471 755 518 stationibus

83 535 204 596 progredi;
227 535 279 582 inde
292 536 373 597 jaculis
393 537 489 582 submoti
507 551 620 583 recurrere
638 535 666 582 sd
684 545 751 582 suone

81 598 136 645 inde
155 595 299 646 excursiones
317 600 413 647 invicem
432 601 488 654 fieri,
505 608 535 655 et,
553 617 604 648 eum
622 601 700 662 pulsos
717 600 754 644 in·

83 663 185 725 dignatio
193 665 330 718 accenderet,
339 666 413 726 plures
422 666 508 712 subire:
523 667 584 726 quod
591 666 754 712 irritamentum

42 745 46 756 ¹
83 729 230 775 certaminum
242 731 377 790 equestrium
385 737 426 784 est,
439 744 491 776 eum
501 730 752 793 sutrinoenu'busspes,

82 799 122 840 aut
132 793 203 855 pulsis
213 794 252 846 ira,
264 801 374 856 aggregat
385 809 444 841 suos.
468 794 504 841 Its
514 803 562 841 tum
570 795 667 857 sponsis
673 794 754 856 proelio

83 871 186 910 menso,
205 873 294 905 omnem
311 859 421 921 utrimque
435 867 549 922 postremo
565 861 688 920 equitatum
705 872 755 905 eer-

82 921 174 968 taminis
186 923 282 968 studium
298 922 388 971 effudit:
408 940 441 978 ao,
459 925 512 970 dum
527 925 637 971 sincerum
651 929 755 984 equestre

80 986 188 1048 proelium
199 993 253 1040 erat,
271 988 390 1034 multitudo
402 988 583 1049 Masaesyionrm,
601 989 701 1050 ingentia
711 1001 754 1050 tg-

83 1050 145 1097 mina
155 1051 256 1113 Syphace
264 1053 386 1106 emittente,
396 1054 499 1100 sustineri
506 1055 546 1098 vix
553 1061 653 1115 poterat:
664 1052 752 1105 deiude,

55 1116 56 1122 ’
81 1121 109 1162 ut
124 1115 191 1176 pedes
206 1115 323 1163 Romanus
341 1119 456 1178 repentino
469 1133 510 1180 per
523 1126 608 1164 turmas
625 1131 676 1164 suas
692 1117 753 1163 vium

82 1179 163 1226 dantes
176 1181 300 1228 intercursu
316 1182 415 1228 stabilem
430 1183 500 1228 aciem
514 1182 574 1236 fecit,
592 1181 753 1242 absterriffique
839 1204 841 1209 ¹

80 1241 154 1291 effuse
164 1245 306 1292 invehentem
317 1261 366 1292 sese
373 1247 468 1300 hostem,
484 1248 556 1309 primo
566 1247 651 1294 barbari
661 1246 753 1308 segnius

80 1309 212 1372 permittere
224 1325 307 1370 equos;
325 1311 404 1357 deinde
414 1317 473 1358 stare
483 1327 509 1358 no
518 1327 588 1373 prope
597 1311 680 1358 turbari
690 1325 752 1357 novo

80 1387 167 1438 genere
181 1389 278 1435 pugnae3
295 1382 415 1436 postremo,
433 1390 479 1422 non
495 1376 563 1438 pediti
578 1376 650 1422 solum
665 1376 750 1428 ¹sedere,

82 1437 170 1484 sedne
188 1440 285 1498 equitem
304 1439 392 1499 quidem
412 1441 527 1494 sustinere,
550 1441 630 1502 peditis
648 1439 751 1503 praesidio

80 1500 209 1548 audentem.
244 1501 297 1551 Jam
315 1505 379 1565 signa
395 1520 484 1565 quoque
500 1505 614 1566 legionum
632 1503 751 1566 appropio?

81 1567 193 1628 qunbant:
213 1574 261 1613 tum
273 1583 327 1614 vero
338 1568 454 1630 Masaesyli
466 1584 512 1614 non
523 1570 590 1616 modo
600 1570 697 1630 primum
707 1569 751 1614 im·

79 1638 167 1694 petum,
185 1632 224 1678 sed
240 1648 269 1679 ne
285 1641 428 1694 conspectum
444 1633 533 1695 quidem
549 1634 665 1696 signorum
683 1636 751 1694 utque

80 1711 203 1749 armorum,
226 1697 337 1743 tulerunt:
362 1705 449 1744 tanturn
469 1714 508 1745 seu
527 1698 750 1760 memoria-priorum

80 1761 186 1815 cladium,
198 1777 239 1808 seu
250 1777 348 1822 praesens
358 1769 436 1816 terror,
448 1763 525 1810 voluit.

113 1824 177 1871 XII.
197 1824 231 1872 Ibi
243 1827 340 1888 Syphax,
359 1827 412 1873 dum
423 1828 535 1888 obequitat
548 1829 646 1874 bostium
660 1829 749 1881 turmis.

81 1889 204 1952 sipudore,
223 1891 241 1936 si
252 1891 349 1952 periculo
361 1907 401 1938 suo
411 1891 489 1953 fugam
500 1893 578 1938 sistere
591 1900 674 1954 posset,
692 1907 750 1953 equo

77 1954 180 2018 graviter
190 1955 243 2009 icto,
253 1954 335 2002 effusus
342 1957 479 2018 opprimitur,
491 1958 631 2018 capiturque3
642 1964 666 2002 et
675 1957 749 2011 virus,

78 2019 160 2066 laetum
180 2027 231 2066 ante
248 2033 325 2066 omues
342 2021 471 2068 Masinissae
485 2021 618 2082 prebiturus
634 2029 749 2082 spectacu-

77 2085 136 2136 lum,
155 2084 182 2130 ad
193 2083 289 2131 Laelium
300 2087 439 2146 pertrahitur.
475 2085 539 2134 Cirta
553 2093 619 2148 eaput
629 2087 694 2148 regni
705 2086 750 2147 Sy-

77 2147 158 2212 phacis
177 2156 237 2195 erat:
262 2165 289 2196 eo
308 2165 332 2196 se
350 2150 430 2212 ingens
450 2151 567 2197 bominum
588 2151 683 2198 contulit
703 2152 746 2197 vis.

79 2211 165 2261 'Caedes
175 2213 198 2258 in
210 2229 236 2259 eo
247 2215 326 2274 proelio
337 2216 416 2268 minor,
434 2231 500 2276 quam
513 2216 612 2274 victoria,
628 2215 679 2268 fuit
697 2215 749 2276 quia

78 2278 178 2338 equestri
197 2279 351 2324 tantummodo
369 2281 448 2340 proelio
467 2287 577 2326 certatum
594 2280 680 2326 fuerat:
702 2293 749 2326 non

78 2338 133 2406 plus
144 2342 242 2402 quinque
256 2343 325 2389 millia
339 2345 418 2398 occisa,
436 2345 510 2390 minus
524 2345 638 2390 dimidium
649 2345 697 2407 ejus
707 2345 749 2390 ho·

77 2406 167 2452 minum
182 2414 270 2468 captum
285 2414 326 2460 est,
343 2409 428 2468 impetu
438 2409 461 2452 in
473 2408 620 2462 casea-tacto,
638 2423 684 2469 quo
697 2423 749 2470 per·

77 2469 143 2518 eulsa
153 2483 207 2533 rege
217 2473 299 2518 amisso
309 2472 427 2518 multitudo
436 2487 460 2518 se
468 2471 598 2536 contineret.
617 2473 747 2526 Masinissa,

79 2531 154 2582 “Sibi
165 2535 280 2596 quidem,‘’
295 2536 374 2590 dicere,
387 2543 404 2566 “
412 2536 527 2582 nihilesse
534 2537 559 2582 in
569 2538 689 2599 praesentis
697 2539 749 2600 pui-

77 2596 163 2654 thrius,
180 2611 247 2660 quam
261 2600 378 2654 victorem,
395 2607 549 2662 recuperatum
565 2608 628 2649 tanto
645 2609 696 2663 post
713 2603 748 2647 in-

70 2661 182 2722 tervallo,
193 2661 288 2728 petrium
298 2663 394 2722 inuisere
405 2677 514 2728 rugorum
530 2665 569 2714 sed
579 2672 625 2714 tam
636 2665 738 2726 mundis
