1850 2917
215 167 245 220 T·
259 168 352 218 mvn
362 167 415 218 Lm.
429 168 529 218 XXIX.
547 169 608 220 css.
620 176 645 219 6.
714 173 764 220 sto

92 299 202 348 unionum
213 314 242 346 ex
253 297 344 346 Etrurid
354 299 377 346 in
394 299 491 348 cutim
501 300 609 351 traducite
623 303 762 363 junctusque

94 363 210 417 Lucretio,
227 365 246 410 si
261 379 285 410 se
299 364 372 426 Mago
386 379 415 411 ex
427 362 552 429 ,Liguribus
566 367 657 428 propius
672 365 760 412 Urbem

94 436 192 482 moveat,
217 429 303 474 obviem
322 429 355 474 ire
372 436 447 490 peret:
474 429 492 474 si
511 428 598 475 Poenus
617 431 657 477 sub
676 429 759 490 ungulo

93 493 186 554 Alpium
197 493 285 552 quietus
296 508 321 539 se
331 493 449 546 continent,
462 500 485 540 et
494 494 542 554 ipse
551 494 575 538 in
583 491 659 541 endem
668 493 761 556 regione
778 523 786 538 .
820 535 826 544 .

93 557 152 605 circs
162 557 291 604 Ariminum
303 556 375 603 Itaiiae
382 557 488 618 praesidio
497 558 592 606 iuturus·
684 615 687 618 ⁴

127 619 173 668 VI.
193 620 250 666 Post
261 621 354 668 reditum
365 636 394 667 ex
405 620 483 668 Assios
494 619 522 669 C.
533 621 606 676 Laelii,
622 628 645 668 et
656 620 761 683 Scipione

95 685 209 734 stimulato
231 679 359 732 Masinissae
384 685 578 739 adhomuonbus,
601 693 626 733 et
646 686 758 740 militibus,

93 750 193 810 ptaedmn
205 763 237 796 ex
249 750 347 796 bostium
363 747 422 796 terni
436 750 575 796 oernentrbus
587 748 636 796 soti
646 751 716 797 classe
726 749 762 798 ef·

93 811 154 867 ferri,
172 814 270 860 accensis
285 813 313 860 sd
327 814 478 876 trajiciendum
493 830 559 875 quom
568 815 672 876 primum,
688 816 761 862 inter·

94 879 156 930 ,venit
164 878 242 939 mojori
249 878 322 923 minor
329 879 441 940 cogitetis,
452 878 539 926 Locros
546 880 623 924 urbem
634 878 759 938 recipiendi,

94 957 145 1002 quse
168 943 208 988 sub
225 941 371 988 defectionem
391 941 463 990 Iuliae
480 943 604 990 desciverat
622 950 645 989 et
666 943 713 1004 ipsa
731 941 760 990 td

95 1005 190 1052 Poenos.
225 1005 281 1066 Spes
296 1013 369 1054 sutem
383 1005 511 1054 affectandis
524 1009 573 1069 ejus
586 1008 618 1054 rei
629 1021 657 1054 ex
668 1004 765 1056 minum

80 1085 119 1116 ·re
134 1067 224 1116 effulsit.
259 1067 392 1115 Latrociniis
406 1071 478 1131 magis
493 1086 559 1132 quum
569 1073 632 1132 justo
646 1072 711 1124 bello,
734 1073 760 1117 in

95 1133 192 1182 Bruttiis
208 1133 341 1194 gerebantur
355 1149 404 1192 res;
421 1136 527 1196 principio
538 1137 565 1181 ab
575 1135 681 1181 Numidis
690 1135 759 1189 secto,

94 1205 118 1246 et
128 1197 232 1250 Bruttiis,
245 1211 290 1242 non
301 1197 406 1242 societate
416 1198 488 1258 magis
499 1197 592 1251 Punici,
604 1213 669 1259 quem
681 1205 761 1260 suopte

94 1262 194 1324 ingenio,
212 1261 385 1323 congruentibus
401 1261 424 1307 in
443 1277 495 1307 eum
512 1277 605 1308 morem.
640 1262 760 1311 Postremo

95 1326 196 1374 Romani
210 1339 305 1385 quoque,
318 1326 366 1386 jem
381 1326 514 1387 contagione
524 1324 618 1385 quidum
630 1334 692 1389 rupto
703 1343 761 1390 guu-

96 1392 182 1444 dentes,
205 1396 312 1450 quantum
330 1405 369 1450 per
388 1390 458 1442 duces
473 1390 558 1443 lioebnt,
576 1392 718 1439 excursiones
736 1393 771 1438 in,

96 1455 194 1502 hostium
206 1469 273 1515 egros
282 1452 361 1500 secere.
396 1453 433 1500 Ab
444 1454 472 1500 iis
481 1454 565 1516 egresn
579 1455 667 1515 quidum
682 1458 759 1505 urbem

95 1519 223 1566 Locrenses
242 1518 394 1572 circumventi,
414 1517 573 1579 Rhegirunque
591 1520 694 1565 ebs'trscti
710 1518 762 1565 fue·

95 1591 154 1631 rent
189 1581 219 1628 In
232 1598 259 1628 eo
270 1583 406 1648 ceptivqrum
417 1597 510 1628 numero
520 1581 575 1631 fabri
586 1582 674 1644 quidum
688 1579 760 1637 fluere,

95 1648 179 1696 assueti
189 1646 248 1692 forte
258 1648 315 1708 apud
330 1646 416 1695 Poenos
430 1647 531 1696 mercede
541 1662 597 1708 opus
611 1647 635 1692 in
651 1661 702 1698 erce
712 1645 762 1694 Lo*

94 1727 185 1760 crorum
199 1711 278 1758 fecere.
314 1709 342 1764 Ii,
360 1711 443 1773 cogniti
458 1713 486 1758 sb
496 1710 644 1758 Locrensium
673 1710 762 1772 sincipi-

95 1779 145 1830 bus,
162 1777 201 1837 qui
219 1776 277 1838 pulsi
295 1775 322 1822 sb
340 1773 432 1822 adversi
449 1775 552 1828 factione,
569 1790 619 1836 quae
666 1775 761 1825 enuibnli

95 1841 185 1890 locros
195 1840 319 1893 nadiderat,
337 1840 450 1902 Rhegium
462 1855 487 1887 se
496 1840 642 1892 contulerant,
654 1854 705 1887 cum
716 1854 762 1887 cte-

95 1915 144 1954 ters
154 1904 340 1968 percontantibus,
353 1905 390 1968 (ut
400 1919 449 1950 mos
460 1911 501 1958 est,
514 1905 551 1965 qui
562 1904 601 1958 diu
609 1900 699 1963 obsunt)
711 1917 763 1965 quse

96 1971 156 2018 domi
169 1976 295 2032 agerentur,
312 1969 473 2030 exposuissent,
491 1983 552 2028 spem
562 1967 670 2021 iecerunt,
682 1967 701 2014 si
712 1967 765 2014 red·

94 2035 151 2084 emti
167 2048 193 2080 uc
208 2033 294 2080 remissi
312 2031 392 2086 forent,
409 2048 484 2080 arcem
498 2047 522 2079 se
539 2032 566 2078 iis
581 2032 714 2078 tradituros:
732 2031 764 2085 rbi

96 2116 121 2146 se
136 2099 241 2151 habiture,
258 2096 368 2158 fidemque
385 2098 424 2143 sibi
439 2111 513 2144 rerum
524 2096 623 2147 omnium
634 2097 692 2143 inter
704 2094 762 2153 Ces·¹

93 2163 248 2226 magimenses
261 2177 323 2220 ‚esse
358 2160 443 2221 Itaque,
468 2161 550 2221 utqui
568 2160 636 2206 simui
653 2161 762 2208 desiderio

93 2229 175 2290 petriae
194 2226 418 2288 ungerentur,si1nul
437 2226 556 2287 cupiditste
573 2225 675 2271 inimicos
694 2225 763 2272 ulcis-

93 2292 160 2340 cendi
179 2291 288 2344 arderent,
314 2290 417 2336 redemtis
435 2291 547 2352 extemplo
565 2289 593 2336 iis
610 2287 761 2350 remissisque,

94 2372 147 2404 curn
165 2355 264 2402 ordinem
283 2354 376 2417 agendae
396 2354 427 2402 rei
444 2355 627 2416 composuissent,
646 2353 764 2415 signaque,

93 2436 147 2483 quse
158 2421 236 2482 procul
250 2420 309 2466 edita
323 2420 470 2472 observarent,
487 2419 529 2480 ipsi
539 2419 567 2465 sd
578 2419 705 2480 Scipionem
716 2417 762 2479 Sy·

95 2500 186 2542 recuses
200 2483 301 2546 profecti,
319 2484 375 2546 apud
390 2499 456 2544 quem
472 2498 523 2545 pers
537 2485 640 2530 exsulum
655 2490 709 2536 eret,
726 2497 763 2530 re·

93 2549 193 2599 ferentes
203 2549 232 2596 ibi
239 2547 348 2610 promisse
355 2549 500 2609 captivorum,
510 2562 561 2593 oum
572 2563 634 2609 spem
644 2548 672 2594 nb
682 2545 763 2594 effectu

93 2613 155 2670 baud
165 2613 319 2669 abhorrentem
334 2613 420 2659 consuli
433 2612 553 2668 fecissent3
569 2612 652 2658 tribuni
665 2610 762 2668 miiitum

94 2693 148 2736 mm
164 2678 193 2726 ii!
206 2677 243 2728 M·
258 2677 351 2741 Sergius
366 2685 390 2726 eb
407 2675 439 2735 Pu,
448 2676 565 2727 Mamm
579 2675 648 2734 milli,
660 2674 763 2744 mu)
