1850 2917
192 179 224 231 Τ.
237 179 326 233 mvn
341 180 395 233 Ln-
409 180 536 231 xxvm.
555 180 615 234 Car.
631 188 669 235 la.
719 188 767 239 2¹11

95 316 159 375 parte
170 310 287 374 eopiaurm
300 313 329 361 sd
339 311 486 363 Cunnum
497 314 671 377 oppugnandum
681 315 766 375 mittits

94 378 148 440 ipse,
166 392 220 424 cum
231 386 314 425 caetero
324 380 431 433 exercitur,
442 380 525 441 quintia
534 379 606 427 ferme
615 380 643 427 ad
652 379 767 445 illiturgin

92 443 172 489 castris
183 444 295 504 pervenit.
331 442 422 492 Clausae
431 452 496 491 erant
505 452 584 507 portae,
602 446 720 507 omnisque
729 446 765 493 in·

92 514 179 555 snucta
189 514 214 554 et
224 515 299 568 parata
313 508 341 555 ad
356 509 545 571 oppugnationem
559 509 691 557 arcendam:
710 511 765 559 adeo

93 572 239 626 conscientia,
256 574 310 633 quid
325 589 350 621 se
363 574 455 621 meritos
469 574 558 628 scirent,
575 590 616 636 pro
633 574 716 621 indicto
733 575 766 622 eis

91 636 151 685 bello
169 637 251 684 mest.
287 637 350 685 Hinc
366 645 389 685 et
404 639 488 685 hortari
506 640 587 686 milites
607 640 682 701 Scipio
700 652 765 687 orsus

92 710 143 750 cst:
171 701 267 763 “Ipsos
283 703 409 750 claudendis
424 704 495 766 portis
512 701 621 752 indicisse
640 704 764 766 Hispanos,

92 768 147 830 quid
162 774 189 814 ut
202 767 315 821 timermt,
331 768 405 814 meriti
415 774 504 815 essent:
522 769 596 829 itaque
610 770 681 815 multo
696 768 766 816 lnior·

92 834 187 880 tiorrlus
195 831 277 878 animis
287 848 338 879 cum
348 832 383 886 iis,
395 847 462 894 quarn
473 848 524 879 cum
536 832 763 896 Carthaginiensibus.

90 898 176 946 bellum
191 897 315 959 gerendum
328 912 386 944 esse.
421 896 512 959 Quippe
521 912 573 945 oum
583 899 627 945 illis
637 914 706 961 prope
717 898 766 947 sine

90 960 126 1011 ira
139 963 170 1009 rle
185 962 280 1023 imperio
295 968 319 1009 et
333 959 406 1024 glorii
422 962 515 1019 certari3
532 964 559 1009 ab
575 964 609 1010 his
626 963 724 1025 perfidiae
740 970 764 1011 st

90 1026 231 1077 crudelitatis
246 1033 270 1073 et
283 1027 372 1074 sceleris
385 1040 465 1089 poenas
479 1028 613 1089 expetendas
623 1043 679 1077 esse.
714 1026 764 1075 Ve-

90 1094 154 1141 nisse
164 1099 262 1152 tempus,
271 1106 317 1151 quo
326 1099 350 1139 et
360 1091 477 1139 nefandam
488 1093 664 1140 commilitonum
676 1108 761 1147 nocem.

90 1165 115 1207 ct
128 1159 155 1204 in
172 1164 246 1203 semet
261 1156 329 1217 ipsos,
347 1156 368 1203 si
382 1156 460 1203 eodem
477 1154 532 1219 fagi
548 1157 614 1205 delati
629 1157 711 1211 forent,
729 1158 764 1205 in·

90 1229 204 1271 raucum
216 1220 318 1267 fraudem
332 1220 504 1279 ulciscerentur;
521 1228 545 1268 et
558 1222 583 1267 in
598 1236 665 1269 omne
675 1229 764 1283 tempus

90 1288 157 1352 gravi
172 1288 309 1333 documento
323 1286 440 1338 sancirent,
458 1300 488 1333 ne
501 1287 550 1347 quia
564 1300 660 1349 unquam
675 1286 764 1335 Roma·

90 1368 148 1401 num
159 1352 234 1399 civem
244 1350 366 1398 militemve
376 1351 399 1397 in
409 1348 455 1397 ulli
465 1350 555 1399 fortuni
568 1360 717 1415 opportunum
728 1353 763 1398 in-

86 1418 158 1483 juriae
172 1413 291 1463 duceret·”
323 1415 362 1462 Ab
376 1415 417 1462 hac
427 1416 580 1463 cohortatione
593 1416 656 1463 ducis
670 1416 762 1471 incitati,

90 1483 165 1531 scalas
175 1481 254 1529 electis
263 1495 303 1542 per
313 1480 437 1542 manipulos
447 1480 501 1527 viris
511 1480 625 1527 dividunt:
638 1481 765 1542 partitoque

89 1548 201 1600 exercitu,
218 1546 251 1592 ita
265 1544 361 1607 utparti
375 1545 438 1591 alteri
448 1544 535 1593 Laelius
548 1552 654 1607 praeesset
666 1546 763 1607 legatus,

90 1613 180 1660 duobus
191 1610 259 1659 simul
268 1610 323 1657 locis
336 1610 427 1671 ancipili
440 1618 525 1657 terrore
540 1610 616 1657 urbem
627 1609 763 1672 aggrediun-

82 1686 136 1726 tur.
167 1675 226 1723 Non
236 1675 283 1726 (lux
292 1689 358 1728 unus,
370 1681 409 1720 aut
418 1674 493 1737 plures
503 1674 619 1737 principes,
632 1674 761 1737 oppidanos,

82 1744 132 1791 sed
142 1756 200 1789 suns
213 1740 312 1802 ipsorum
326 1754 356 1786 ex
369 1737 505 1801 conscientiis
515 1740 587 1802 culpae
597 1747 670 1787 metus
685 1739 713 1787 ad
723 1740 763 1787 dc-

89 1805 227 1856 lendentlam
241 1804 336 1866 impigre
350 1804 427 1851 urbem
439 1804 554 1851 hortatur:
573 1812 596 1851 et
606 1805 761 1859 meminerant.

89 1880 115 1922 et
124 1871 277 1928 admonebant
286 1868 323 1916 alii
333 1869 395 1924 alios,
409 1869 564 1931 “supplicium
575 1882 604 1915 ex
615 1884 646 1922 se,
658 1882 704 1916 non
714 1868 763 1917 vio-

89 1938 181 1990 toriun,
198 1935 252 1997 peti.
289 1933 335 1981 Ubi
345 1934 439 1995 quisque
448 1940 545 1979 mortem
556 1938 677 1995 oppetecet,
694 1932 717 1979 id
727 1946 764 1987 pc-

80 2003 158 2056 lare,
175 2007 253 2047 utrum
270 1998 294 2045 in
312 1996 389 2061 pugni
406 2004 430 2045 ct
447 1998 471 2043 in
490 1998 544 2051 acie,
562 1998 599 2044 ubi
617 1996 683 2043 Mars
700 2012 763 2046 cum-

89 2067 168 2116 munis
178 2066 298 2113 etvictum
309 2078 369 2125 saepe
379 2060 762 2125 erigerctctaffligeretrictorem

79 2129 260 2194 mpostmodo,
276 2125 374 2184 cremati
387 2135 411 2176 et
425 2124 499 2175 diruti
513 2127 574 2181 urbe,
590 2133 642 2174 ante
657 2142 697 2175 ora
710 2140 764 2189 cap·

89 2206 166 2247 tarum
181 2196 304 2257 conjugum
317 2194 490 2254 uperommque,
505 2192 564 2240 inter
577 2192 670 2239 verbera
679 2200 702 2239 ct
712 2191 764 2240 vin-

89 2264 149 2316 cula,
167 2258 313 2307 omnialoerla
327 2264 393 2318 atque
407 2257 500 2319 indigna
513 2256 579 2319 passi,
597 2253 762 2318 exspirarent-’¹

76 2370 80 2375 ,
88 2328 168 2392 Igitur
182 2339 229 2371 non
239 2323 340 2370 militaris
353 2322 421 2369 modo
434 2329 497 2376 aetas,
514 2330 553 2369 aut
563 2321 605 2369 vin'
616 2328 711 2374 tantum,
724 2318 765 2369 ted

76 2393 183 2443 ‚feminas
199 2389 306 2451 puerique
319 2402 386 2449 snpra
402 2387 470 2433 animi
487 2386 630 2450 corporisque
647 2386 707 2433 vires
724 2384 764 2431 ad·

80 2465 158 2508 aunt:
177 2454 368 2517 propugnantibus
382 2452 428 2499 tela
437 2452 571 2506 ministrant,
589 2466 643 2499 saxa
652 2452 676 2497 in
687 2464 764 2499 muros

88 2520 244 2572 munientibus
257 2527 347 2581 gerunt.
381 2516 438 2563 Non
450 2517 542 2563 libertas
557 2517 629 2563 solum
647 2516 763 2578 agebatur,
792 2513 798 2523 “

77 2604 143 2652 ,φη
157 2586 259 2632 virorum
272 2582 364 2630 fortium
377 2588 466 2628 tantum
480 2588 571 2643 pectora
584 2580 658 2638 scatit3
675 2578 715 2627 sed
729 2578 765 2625 ul-

89 2656 148 2703 tima
157 2649 259 2697 omnium
270 2646 383 2710 supplicia,
400 2654 424 2693 et
433 2644 495 2693 soeda
504 2660 566 2702 mors
579 2645 607 2691 ob
618 2644 695 2691 oculos
706 2647 761 2715 erat·

81 2714 281 2772 Aoendebautur
293 2711 363 2762 animi
371 2718 399 2761 et·
405 2708 617 2766 certaminelaboris
628 2723 654 2757 ao
664 2702 763 2771 periclis
