1850 2917
158 108 188 153 rs
264 102 294 151 Τ.
308 100 397 153 L1v11
413 100 466 155 Lu
480 100 577 151 mv.
596 100 656 153 cn.
671 104 709 151 14.

155 232 260 283 Cumano
278 246 350 293 usque
365 232 394 279 sd
409 232 495 280 Miseni
509 233 693 295 promontorium,
713 230 824 280 Puteolos

143 305 247 409 ‚rlqpente
257 312 342 410 egmeq
350 299 474 408 conuellritit,h
479 298 689 416 tdpppfimfflffl
694 297 824 409 mezu&

155 376 419 488 nimnelffltguoqugxrffln
430 378 598 480 uetsrliuffio?
608 434 677 473 tutus.
710 424 823 473 Triduum

156 492 185 539 ibi
196 499 295 539 moratus
309 490 401 544 Poenus,
418 492 445 537 ab
459 492 520 537 omui
533 498 596 553 porte
610 498 697 537 tentato
710 490 823 552 praesidio,

156 556 242 610 deinde,
263 563 289 602 ut
304 556 359 601 nihil
374 556 512 617 procedebat,
531 556 559 603 ud
574 554 723 617 populandum
742 561 824 618 ugrum

156 620 338 683 Neapolitanum,
356 620 427 682 mugio
444 618 558 681 iriquum
573 620 687 681 potiundae
701 620 761 666 urbis
775 634 824 681 spe,

155 686 271 749 prooessit.
306 685 413 732 Adventu
427 686 476 747 ejus
489 686 513 730 in
522 686 671 747 propinqum
681 699 760 746 ugrum
771 683 826 731 No-

155 751 208 797 lana
222 756 284 797 mote
299 757 334 796 est
349 750 417 811 plebs,
430 751 480 811 jem
494 750 531 795 diu
546 764 624 796 aversa
637 750 665 795 nb
677 748 788 795 Romanis
800 756 825 797 et

156 814 237 861 infeste
256 814 340 861 senatui
360 830 416 860 suo:
443 816 517 875 itaque
535 814 603 875 legati
621 814 649 860 sd
667 813 824 861 arcessendum

157 878 315 932 Hannibalem,
342 894 393 925 cum
414 879 473 925 haud
493 879 559 925 dubio
579 879 689 941 promisso
710 878 826 927 tredffldae

157 944 224 997 urbis,
244 950 360 989 venerunt.
398 942 513 989 Praevenit
531 944 643 1004 inceptum
661 958 738 989 eorum
757 942 827 989 Mur·

156 1008 226 1054 celius
240 1008 325 1061 consul,
341 1022 355 1055 e
368 1008 500 1069 primoribus
513 1008 603 1054 nocitus.
639 1007 686 1054 Die
697 1022 743 1053 uno
755 1006 827 1055 sues-
906 1056 913 1063 ,

156 1073 228 1119 sulum
242 1087 257 1119 a
271 1071 369 1125 Calibus,
388 1088 438 1119 cum
452 1072 579 1118 Vulturnus
592 1073 664 1118 amnis
677 1072 826 1133 trajicientem
876 1110 880 1114 .

157 1145 256 1183 moratus
267 1144 332 1191 esset,
347 1137 505 1184 contenderat:
524 1138 576 1183 inde
587 1135 689 1199 proximi
702 1142 769 1183 noete
783 1152 827 1185 sex

157 1202 225 1249 miliia
235 1202 340 1264 peditum,
357 1203 485 1263 equitesque
493 1209 612 1256 trecentos,
626 1204 664 1263 qui
674 1201 777 1265 praesidio
788 1217 827 1249 ee-

158 1267 220 1313 uutui
238 1274 319 1320 essent,
340 1266 424 1313 Nolam
442 1267 577 1313 intromisit:
602 1275 632 1321 et,
651 1268 684 1327 uti
700 1280 715 1312 e
732 1267 828 1314 mnne

157 1331 233 1382 omnia
242 1330 337 1392 impigre
347 1330 405 1378 facts
415 1339 468 1377 sunt
478 1331 506 1377 ed
519 1332 715 1393 praeoecupendum
730 1329 825 1385 Nolunt,

157 1396 189 1442 ite
206 1393 320 1441 Hannibal
335 1402 423 1457 tempus
439 1397 537 1459 terebnt3
556 1397 590 1441 bis
599 1398 647 1458 jam
663 1404 715 1443 unte
730 1396 826 1456 nequid-

155 1475 222 1521 quam
230 1458 315 1507 tentati
323 1476 353 1513 re,
363 1461 452 1521 segnior
460 1460 489 1506 ad
494 1460 628 1507 credendum
636 1460 732 1508 Nolanis
738 1459 821 1507 factus.

165 1542 170 1547 ·
190 1523 261 1571 XIV.
280 1523 363 1571 Iisdem
375 1525 450 1571 diebus
461 1532 484 1571 et
495 1524 527 1578 Q„
539 1524 621 1571 Fabius
631 1526 710 1572 consul
719 1525 747 1571 td
758 1523 828 1573 casi-

155 1589 226 1635 linum
244 1589 382 1643 tentendum,
402 1589 461 1649 quod
478 1589 581 1650 praesidio
597 1588 685 1636 Punico
700 1590 825 1644 tenebatur,

155 1655 235 1711 venit3
252 1661 274 1699 et
285 1654 312 1700 sd
323 1652 487 1707 Beneventum,
503 1655 565 1700 velut
575 1668 604 1701 ex
616 1656 746 1716 composito,
761 1660 837 1717 purte¹
851 1677 860 1700 0.
901 1648 904 1653 ’

157 1716 226 1765 elteri
241 1716 327 1765 Hanno
342 1733 371 1765 ex
385 1717 481 1763 Bruttiis
495 1734 547 1764 oum
562 1717 644 1781 unguii
653 1719 752 1780 peditum
762 1719 828 1779 equi·

156 1788 249 1843 tumque
259 1798 334 1836 manu,
350 1781 419 1829 usert
429 1782 466 1829 Ti.
479 1783 595 1830 Gracchus
605 1784 632 1829 ub
643 1780 739 1830 Luoerii
748 1796 828 1829 scoen-

157 1847 201 1905 eit3
218 1848 255 1909 qui
272 1848 343 1909 primo
362 1846 467 1909 oppidum
485 1848 590 1893 introvit:
612 1847 698 1901 deinde,
713 1854 739 1893 ut
758 1846 843 1894 Hem.

54 1926 56 1931 ·
157 1927 240 1960 nonem
255 1913 297 1960 triu
310 1912 379 1959 millis
392 1910 462 1957 ferme
475 1912 502 1957 eb
513 1913 566 1958 urbe
576 1912 605 1958 ed
615 1910 720 1960 Calorem
730 1910 826 1959 flurium

156 1984 229 2026 cestre
234 1978 341 2040 posuisse,
354 1984 377 2023 et
385 1976 436 2022 inde
443 1977 628 2039 egrumpopuleri
636 1977 726 2030 audivit,
738 1982 762 2023 et
769 1977 824 2038 ipse,

156 2058 259 2105 egressu
271 2042 387 2094 moenibus,
400 2041 461 2087 miiie
469 2040 541 2089 ferme
550 2056 629 2103 pessus
639 2042 667 2087 ab
676 2041 742 2087 hoste
752 2048 827 2089 eastra

155 2108 221 2161 locst,
242 2107 315 2167 ibique
333 2107 463 2153 counionem
479 2107 575 2152 militum
592 2106 674 2153 hebuit.
710 2105 827 2167 legiones

156 2168 239 2232 rnegni
252 2186 281 2217 ex
295 2178 358 2233 purte
372 2170 480 2217 volonum
494 2171 599 2228 hnbebet;
619 2172 657 2231 qui
667 2172 716 2233 jem
730 2171 826 2218 aiterum

155 2249 239 2281 sunum
248 2236 370 2281 uberutem
379 2236 445 2281 tacite
454 2235 540 2287 mereri,
550 2250 615 2295 quam
624 2236 737 2297 postulare
743 2236 826 2297 palem,

155 2299 286 2346 maluerant.
314 2300 419 2346 Senserat
429 2306 512 2353 temen,
523 2299 619 2345 hibernis
627 2300 751 2361 egrediens,
763 2315 827 2346 mur-

155 2378 207 2409 mur
222 2364 245 2409 in
262 2364 351 2425 agmine
365 2379 415 2411 esse
431 2364 585 2424 quaerentium,
604 2380 632 2411 en
649 2380 747 2425 unquam
763 2364 826 2411 hireni

155 2428 270 2475 militaturi
280 2428 371 2475 essent?
386 2428 547 2489 scripseratque
557 2429 650 2482 senatui,
662 2443 708 2475 non
718 2436 764 2475 tour
772 2430 827 2490 quid

156 2491 311 2547 desiderarent,
327 2507 393 2553 quem
408 2492 461 2555 quid
471 2493 617 2540 meruissent:
638 2491 827 2555 “horrisonique

157 2554 224 2619 operi
234 2572 311 2603 eorum
323 2572 347 2603 se
358 2558 386 2604 ad
396 2573 445 2604 eum
456 2558 515 2605 diem
526 2573 605 2604 usum:
624 2573 697 2618 neque
710 2558 738 2604 td
748 2572 826 2605 exeru-

154 2622 217 2687 plum
231 2622 288 2687 justi
307 2622 383 2671 militis
402 2622 521 2687 quidquem
537 2623 577 2678 eis,
597 2630 679 2689 praeter
693 2622 824 2680 thermas
884 2644 887 2647 ⁴
