1850 2917
170 119 226 166 scs.
283 101 415 164 aarum
432 113 585 164 cmxxx.
604 106 720 166 caan.

169 243 298 294 afferentem
313 261 338 293 se
348 245 472 299 hortunam,
487 253 570 306 quanto
581 247 647 292 altius
657 247 728 292 elatus
738 252 793 299 erat,
809 257 838 293 ao

168 309 348 358 fradiuseorruit.
374 310 836 373 EstquidemeJuaquidatnonquipetit,

169 375 309 422 conditiones
328 376 401 422 dicere
418 376 493 438 pacis:
518 376 557 421 sed
573 374 667 421 forsitan
686 390 732 421 non
750 375 841 436 indigni

170 440 248 493 simus,
267 440 304 500 qui
319 439 428 486 nobismet
444 440 486 502 ipsi
505 439 597 485 multam
614 440 747 501 irrogemus.
780 438 836 484 Non

171 519 308 558 recusamus,
320 505 373 564 quin
385 503 467 557 omnia,
486 511 577 565 propter
590 519 643 564 quac
659 505 745 550 bellum·
758 503 840 549 initum'

170 575 213 623 est,
225 576 300 616 verua
310 569 361 622 rint,
380 567 461 621 Sicilia,
479 568 586 620 Sardinia,
599 567 717 631 Hispania,
731 567 840 628 quidquid

170 633 293 680 insularum
309 639 358 678 toto
375 631 432 678 inter
443 632 544 678 Africam
562 631 695 694 Italiamque
713 633 839 678 continetur

171 699 235 744 mari.
271 695 475 758 Carthaginienses,
490 697 569 743 inclusi
580 697 667 744 Africae
676 697 784 750 litonbus,
798 711 839 742 vos

174 761 275 826 (quando
285 763 316 807 ita
324 761 378 807 Diis
385 759 478 822 placuit)
490 768 584 808 externa
593 763 659 808 etiam
670 760 730 808 terri
740 761 839 821 marique
921 776 922 815 p

172 826 287 873 videamus
295 833 398 888 regentes
409 826 507 886 imperia.
542 825 613 872 Haud
622 826 760 887 negavenm,
772 833 843 886 prop:
921 818 922 879 ἶ

172 898 207 938 ter
218 905 263 936 non
272 889 337 936 nimis
349 890 434 936 sincere
449 890 540 952 petitam
556 897 594 936 aut
608 897 759 952 exspectatam
770 905 840 951 nuper

171 969 257 1018 paoem,
268 961 392 1016 suspectam
400 969 450 1001 esse
457 956 520 1000 vobis
529 953 637 1001 Punicam
643 955 720 1001 iidem:
735 955 838 1008 multum,

172 1033 213 1082 per
229 1034 285 1079 quos
299 1019 367 1080 petita
384 1019 420 1072 sit,
439 1019 467 1064 ad
481 1019 548 1065 iidem
566 1019 655 1066 tuendae
665 1019 726 1081 pacis
735 1019 839 1079 pertinet,

173 1083 256 1146 Scipio.
291 1082 368 1129 Vestri
387 1099 476 1143 quoque
492 1085 529 1147 (ut
547 1081 624 1143 audio)
642 1083 722 1130 Patras
740 1083 842 1130 nonnihil
921 1116 922 1119 =

174 1148 242 1196 etiam
253 1148 282 1194 ob
291 1148 341 1201 hoc,
354 1147 405 1208 quia
415 1162 493 1209 parum
504 1148 617 1209 dignitatis
629 1149 653 1193 in
663 1148 776 1209 legatione
786 1155 841 1201 erat,
921 1142 922 1157 ¹

173 1220 314 1274 negaremnt
327 1228 412 1274 pacem.
447 1211 562 1258 Hannibal
576 1219 628 1274 peto
638 1228 731 1274 pacem:
751 1213 790 1272 qui
801 1227 841 1258 ne-

174 1289 219 1336 que
229 1283 334 1338 peterem,
347 1277 389 1322 nisi
405 1276 482 1322 uldam
499 1277 626 1323 crederem:
645 1284 668 1322 et
677 1283 770 1338 propter
780 1292 842 1322 eann-

174 1339 226 1387 dem
237 1340 353 1386 utilitatem
369 1341 446 1387 tuebor
460 1357 516 1394 eam,
534 1348 623 1403 propter
639 1354 706 1401 quam
721 1342 790 1402 petii:
810 1349 842 1395 et,
921 1380 922 1391 ,

175 1404 368 1466 quemadmodum,
388 1405 438 1466 quia
457 1419 523 1451 ame
539 1405 619 1451 bellum
637 1412 736 1466 creptum
753 1413 795 1458 est,
813 1421 844 1452 ne
921 1398 922 1417 ¹

175 1483 242 1530 quem
251 1471 298 1532 ejrrs
304 1470 429 1531 poenitereb
437 1470 510 1530 quoad
515 1470 556 1531 ipsi
564 1467 664 1516 invidere
669 1469 724 1522 Dei,
731 1470 842 1530 praestiti;

174 1533 207 1580 ita
217 1535 309 1587 annitar,
319 1549 348 1580 ne
359 1549 423 1594 quern
436 1535 497 1597 pacis
507 1549 547 1595 per
555 1550 591 1580 me
598 1533 819 1595 partaepoeniteat.”

213 1597 312 1644 xxxl.
336 1598 452 1644 Adversus
471 1599 520 1645 haec
541 1599 659 1660 imperator
677 1597 800 1644 Romanus
818 1600 843 1645 in

174 1662 286 1708 hancsere
298 1663 429 1710 sententiam
444 1662 563 1724 respondit.
599 1670 615 1692 “
626 1662 681 1708 Non
692 1677 729 1708 me
742 1662 842 1716 fallolsat,
917 1684 919 1689 ·

175 1725 296 1780 Hannibal,
314 1727 423 1773 adventus
435 1727 468 1773 tui
481 1743 520 1789 spe
531 1725 728 1788 Carthaginienses
743 1735 768 1773 et
783 1741 845 1789 pras-

174 1798 260 1838 sentam
279 1791 416 1837 induciarum
432 1791 506 1845 fidem,
526 1799 549 1838 et
565 1807 626 1852 spem
644 1793 705 1853 pacis
721 1790 846 1838 brrhisaes·

151 1851 155 1858 ’
174 1867 246 1916 neque
261 1863 286 1902 tu
302 1855 324 1901 id
335 1871 388 1902 sane
399 1856 529 1910 dissimulas,
542 1855 580 1917 qui
591 1857 618 1902 de
628 1857 794 1904 conditiombus
805 1871 845 1902 su-

172 1919 294 1983 periorlbus
304 1921 364 1981 pacis
375 1921 449 1967 omnia
459 1922 580 1973 subtrahas,
597 1928 679 1981 praeter
686 1935 720 1974 ea,
732 1922 844 1983 quaejam

172 1985 257 2046 pridem
276 1984 392 2030 innostra
410 1992 520 2045 potestate
539 1991 597 2030 sunt.
638 1983 762 2038 Caeterum,
784 1992 846 2032 ucat

173 2049 213 2094 tibi
224 2063 284 2094 curse
297 2055 337 2102 est,
351 2049 431 2095 sentire
442 2049 502 2095 cives
512 2056 570 2099 tuos,
583 2057 666 2110 quanto
677 2064 717 2110 per
732 2057 758 2095 te
773 2065 846 2096 onere

172 2112 291 2169 leventur;
310 2113 341 2158 sio
354 2114 407 2158 mihi
417 2113 560 2160 laborandum
572 2123 613 2166 est,
626 2127 661 2166 ne,
673 2129 725 2173 quae
736 2121 791 2160 tunc
802 2129 846 2175 pe-

172 2177 284 2238 pigerunt,
311 2175 376 2222 hodie
398 2177 509 2224 subtracta
533 2192 562 2224 ex
586 2177 749 2224 conditionibus
771 2179 843 2240 pacis,

172 2241 264 2302 praemia
285 2239 382 2300 perfidae
401 2242 502 2289 habeant.
546 2241 643 2304 Indigni,
664 2243 743 2303 quibus
763 2244 845 2290 eadem

171 2311 246 2412 pptest
257 2303 361 2356 conditio,
377 2311 402 2350 ut
419 2305 486 2352 etiarn
501 2307 572 2368 prosit
588 2307 652 2352 vobis
667 2307 735 2360 iraus,
753 2308 841 2369 petitis.
921 2350 922 2373 ,

198 2381 253 2426 oque
263 2373 336 2427 patres
348 2369 417 2414 nostri
428 2371 513 2430 priores
528 2371 557 2417 de
571 2370 652 2425 sieilit,
669 2387 743 2432 neque
759 2387 804 2418 nos
815 2369 846 2418 dc
921 2376 922 2415 l

171 2427 283 2489 Hispanid
300 2427 393 2478 lecimus
409 2429 509 2480 bellum:
535 2442 559 2481 et
577 2443 630 2482 tunc
647 2435 848 2483 Mamertinorum¹

170 2493 281 2566 apciorum
292 2495 420 2555 periculum,
433 2505 456 2544 et
467 2514 527 2545 nunc
539 2500 634 2562 Sagunti
641 2500 767 2546 exscidium
774 2501 844 2548 nobis

169 2567 206 2616 pra
222 2557 322 2619 ac‘justa
339 2560 458 2608 induerunt
474 2577 542 2611 arma.
578 2563 628 2610 Vos
643 2565 768 2619 lacessisse,
780 2571 805 2612 et
816 2573 845 2610 tn

168 2619 217 2682 ipse
234 2619 316 2678 fateris,
339 2631 363 2672 et
379 2623 426 2674 Dei
442 2633 512 2675 testas
529 2636 598 2688 sunt;
616 2630 654 2691 qui
671 2636 695 2701 et
711 2630 772 2679 illius
787 2628 847 2678 betti
