1850 2917
153 160 168 201 4
272 154 301 203 Τ.
316 155 402 204 LlVlI
419 152 472 204 Lm.
487 152 584 204 XXIV.
603 154 663 207 car.
677 160 701 205 8.

153 301 187 338 eo,
204 293 228 333 ut
245 294 347 348 receptus
363 284 435 335 Croto
449 285 591 334 Bruttiorum
607 293 673 334 esset.
708 284 828 334 Hanubst

154 357 205 397 'cunr
224 352 368 413 praesentium
388 366 436 398 eam
459 353 644 398 consultationem
663 366 713 398 esse
730 363 831 412 respons

131 426 133 432 ’
153 414 229 469 disset,
248 422 272 462 et
288 416 316 462 ad
334 416 473 470 Hannonem
488 432 527 463 eos
538 417 657 479 rejecisset,
669 416 696 461 ab
707 414 826 463 Hannone

153 479 210 526 nihil
225 480 279 527 certi
294 481 397 527 ablatum.
433 480 486 527 Nec
499 482 559 527 enim
579 480 642 542 diripi
659 479 764 527 volebant
782 491 827 527 noa

154 544 221 591 bilem
240 552 307 605 atque
327 546 455 607 opulentam
477 546 568 591 urbem:
593 552 616 591 et
633 545 755 607 spersbm,
771 558 826 591 cura

154 607 258 656 Bruttius
269 617 415 671 oppugnaret,
433 609 519 656 Poenos
535 625 576 656 nec
588 610 683 671 probare
693 624 736 655 nec
743 610 828 671 juvare

152 673 739 785 tlutttttttttwwtl
749 672 827 800 tit

154 802 219 855 lares,
232 818 274 848 nec
282 804 385 849 voluntas
397 810 457 849 erat:
475 818 534 849 uuus
541 803 603 849 velut
610 804 702 848 morbus
711 802 827 851 invaserat

154 881 233 913 omnes
245 864 317 913 ltaliae
329 867 436 920 civitates,
449 874 475 913 ut
488 868 563 928 plebes
579 868 608 913 ab
623 866 764 928 optimatibus
778 866 828 913 dis-

154 931 279 988 tentirent3
297 939 387 978 senatus
397 931 508 978 Romanis
520 931 613 983 faveret,
625 931 687 991 plebs
697 932 726 976 ad
736 929 826 979 Ptenos
921 935 922 938 ’

155 1010 202 1042 rem
221 996 325 1042 traheret
355 995 420 1042 ‘Earn
439 996 599 1042 dissensionem
616 994 640 1039 in
658 996 713 1041 urbe
729 994 828 1057 perfuga

154 1060 243 1107 nuntiat
249 1058 358 1117 Bruttiis3
371 1058 551 1107 Aristomachum
560 1076 610 1107 esse
618 1060 739 1121 principem
747 1060 827 1121 plebis,
921 1053 922 1076 ³

154 1124 313 1185 tradendaeque
323 1131 437 1176 auctorem
448 1125 521 1171 urbia:
535 1133 558 1171 et
565 1126 588 1170 iu
597 1121 727 1178 vastiurbe,
738 1124 829 1185 lateque

155 1189 258 1235 omuibus
269 1188 365 1252 disjectis
376 1190 494 1242 moenibus,
510 1204 570 1235 raras
588 1196 612 1235 et
628 1189 735 1235 stationes
749 1197 828 1236 cuato-
921 1195 922 1202 ’

156 1254 247 1314 diesque
258 1261 385 1301 senatorum
396 1270 457 1301 ease:
471 1251 611 1314 quicumque
621 1253 747 1300 custodiam
754 1254 826 1315 plebia

156 1318 265 1373 homines,
275 1316 302 1365 ei
307 1326 383 1380 patere
391 1318 481 1365 aditum.
511 1319 612 1365 Auctore
622 1334 648 1364 ae
655 1318 712 1363 duce
722 1316 825 1379 perlirgh,

156 1382 241 1429 Bruttii
256 1380 339 1429 cononi
353 1384 472 1429 cinxerunt
484 1384 574 1439 urbem3
591 1382 720 1444 acceptique
729 1398 744 1428 a
753 1383 825 1444 plebe,

155 1448 229 1511 primo
247 1448 331 1509 impetu
349 1448 411 1495 locos
430 1462 515 1501 omnes,
535 1455 617 1508 praeter
633 1462 714 1500 arcem,
734 1444 822 1508 cepere.

156 1512 243 1559 Arcem
255 1513 372 1574 optimates
388 1514 500 1565 tenebant,
520 1519 644 1573 praeparato
657 1512 706 1572 jam
727 1519 780 1558 ante
796 1512 826 1559 ad
920 1511 923 1538 ²

156 1577 223 1623 talem
241 1592 317 1624 casum
333 1576 443 1639 perfugio.
479 1576 567 1622 Eodem
585 1576 755 1622 Aristomachus
773 1592 826 1638 per-

155 1640 229 1702 fugit3
246 1647 359 1703 tamquam
375 1641 460 1696 Poenis,
479 1654 525 1687 non
542 1640 644 1694 Bruttiis,
668 1648 746 1687 auctor
765 1642 825 1689 urbis

156 1706 364 1753 tradendaeluisset.
830 1754 833 1757 Δ

190 1767 238 1815 ΙΙΙ.
259 1770 320 1817 Urbs
328 1770 399 1819 Croto
410 1786 499 1818 murum
507 1771 531 1817 in
542 1772 635 1819 circuitu
644 1775 757 1833 patentem
769 1768 825 1815 (luo-

156 1834 228 1880 decim
239 1834 308 1882 millia
317 1852 422 1897 passuum
433 1837 516 1890 habuit,
531 1844 584 1883 ante
599 1836 681 1897 Pyrrhi
695 1835 721 1879 in
737 1832 824 1879 ltaliam

155 1898 289 1947 adventum:
309 1908 360 1962 post
374 1902 500 1947 vastitatem
514 1916 543 1947 eo
556 1902 614 1947 bello
623 1900 711 1953 factam,
723 1898 763 1944 vix
772 1913 824 1959 pars

156 1962 246 2010 dimidia
253 1966 402 2012 habitabatur:
420 1964 511 2018 flumen,
523 1966 582 2025 quod
593 1965 665 2011 medio
674 1962 755 2025 oppido
765 1960 824 2007 flux-
916 1969 923 2004 'r

156 2034 211 2081 erat,
224 2036 287 2075 extra
295 2028 420 2090 frequentia
429 2032 495 2077 tectis
504 2030 554 2076 loca
560 2028 737 2092 praeterfluebat:
753 2033 825 2073 etarx
914 2033 917 2042 ¹

156 2091 235 2153 procul
253 2092 286 2145 iis,
304 2109 354 2153 quae
369 2094 528 2140 habitabantur.
564 2095 610 2141 Sex
622 2093 691 2139 millia
706 2093 781 2139 aberat
796 2092 823 2138 ab

61 2206 66 2215 ,
158 2156 212 2201 urbe
223 2157 296 2202 nobile
306 2155 413 2217 templum
423 2156 482 2219 (ipsi
492 2160 545 2203 urbe
552 2166 600 2204 erat
607 2153 712 2215 nobilius)
725 2155 824 2202 Launtae

157 2218 262 2273 Junonis,
275 2228 376 2267 sanctum
387 2221 489 2267 omnibus
499 2222 558 2267 circa
566 2223 660 2283 populis.
695 2220 773 2266 Lucua
786 2220 823 2274 rbi,

156 2281 268 2343 frequenti
287 2282 343 2331 silvi
361 2292 384 2331 et
400 2284 498 2346 proceris
515 2286 592 2332 abietis
608 2286 721 2331 arboribus
740 2291 822 2345 septus,

157 2348 211 2394 lreta
220 2348 244 2393 in
255 2348 328 2395 medio
336 2364 417 2411 pascua
423 2348 505 2402 habuit,
513 2349 549 2395 ubi
557 2350 630 2395 omnm
639 2348 729 2409 generis
736 2363 823 2394 sacrum

158 2410 218 2459 Deae
228 2414 358 2492 parcebatur
367 2428 435 2475 pecus
448 2414 498 2489 sine
512 2414 558 2459 ullo
573 2422 674 2475 pastore:
694 2413 823 2473 separatim-

156 2490 298 2595 ilenti
306 2477 823 2604 cpffinqffluffi

154 2606 364 2653 violatihominum.
400 2606 484 2667 Magni
493 2607 563 2668 igitur
571 2605 822 2665 fructuaexeopecora
920 2605 923 2625 ²

155 2671 220 2734 capti,
235 2670 381 2753 columnaque
397 2671 449 2719 inde
464 2686 532 2719 aurea
544 2670 615 2719 solida
627 2668 693 2726 facta,
705 2676 728 2717 ct
738 2674 824 2721 tuerat«
916 2739 920 2750 Ι
