1850 2917
176 144 225 191 876
290 142 319 191 T.
334 141 422 191 LIVII
439 141 492 190 Lu.
505 139 592 192 XXX·
611 138 671 191 Car.
686 142 724 188 15.

169 271 258 332 quidem
277 274 300 319 in
319 281 430 335 potestate
445 273 546 320 buturum
564 269 719 334 imperatoris”
738 265 838 321 dixit&

168 334 299 399 ardssetque
310 355 367 392 eum,
387 345 403 368 ‘⁴
412 347 444 392 ut,
462 347 570 399 quantum
581 353 617 383 res
627 337 717 388 sineret
728 333 780 380 fidei
791 339 838 380 sue

167 408 254 448 temere
273 405 384 450 obstrictae
403 403 541 459 consideret3
558 402 686 463 promisisse
705 399 773 451 enim,
790 411 838 443 sese

167 467 193 514 in
209 467 290 514 nuliius
304 476 437 529 potestatem
451 483 502 514 eam
516 465 673 518 traditurum,”
690 479 721 511 ex
734 462 838 525 pretorio

168 529 193 576 in
208 533 373 578 tabernaculum
389 547 454 579 suum
470 532 577 578 confusus
590 531 708 577 concessit.
745 527 788 580 Ibi.
803 541 839 572 ar·

168 595 231 642 bitris
243 599 340 649 remotis,
358 613 409 644 cum
420 599 497 643 crebro
507 597 613 657 suspiritu
627 602 651 642 et
664 594 753 657 gemitu
769 589 840 655 (quod

127 671 134 685 “
168 659 235 706 facile
249 663 276 707 ab
291 662 485 708 circumstantibus
499 660 663 708 tabernaculum
677 656 778 706 exaudiri
789 670 840 717 pos·

171 722 217 784 set)
234 725 370 785 aliquantum
390 727 497 787 temporis
514 725 674 772 consumsisset
679 740 689 781 ;
706 721 795 784 ingenti
812 719 840 766 ad

145 791 147 796 ’
171 797 308 850 postremum
326 791 385 836 edito
401 792 495 852 gemitu,
511 790 580 835 fidum
595 805 609 834 e
624 789 694 835 serris
708 793 783 838 vocat,
801 785 840 830 sub

171 855 236 915 cujus
253 853 359 908 custodiri,
377 856 439 916 regio
454 870 523 908 more,
541 854 569 899 ad
585 855 670 900 incerta
684 852 785 899 fortunae
802 864 842 896 re·

170 931 254 964 nerium
266 926 320 972 erat,
338 926 361 964 et
375 919 470 964 mixtum
481 919 505 964 in
515 919 596 979 poculo
605 918 664 964 ferre
677 917 706 963 ad
717 913 842 976 sophone:

170 982 222 1028 barn
229 983 300 1042 jubet,
317 999 343 1028 ac
354 983 420 1028 simui
431 983 547 1039 nuntiare;
566 990 581 1011 “
592 981 737 1029 Masinissam
748 981 842 1026 lsssenter

171 1047 266 1108 primam
277 1048 297 1092 ei
308 1047 374 1092 iidem
388 1054 551 1107 praestnturum
558 1046 634 1098 fuisse,
652 1061 720 1105 quain
730 1046 768 1090 vir
777 1041 843 1090 uxori

172 1111 278 1157 debuerit.
315 1111 429 1164 Quoniam
440 1112 553 1157 arbitrium
563 1112 619 1173 ejus,
636 1111 675 1170 qui
688 1109 785 1171 possint,
797 1107 843 1155 adi·

171 1183 242 1228 mant,
262 1176 380 1222 secundam
396 1175 462 1222 fidem
480 1183 593 1236 prestare,
611 1190 640 1220 ue
656 1175 709 1220 viva
725 1174 749 1218 in
766 1180 843 1234 potes-

172 1243 242 1284 tatem
260 1239 414 1286 Romanorum
434 1241 515 1286 veniat.
551 1240 643 1286 Memor
658 1239 728 1300 patris
746 1238 843 1299 impers-

172 1303 235 1355 toris,
259 1305 387 1364 patriaeque,
412 1311 434 1350 et
457 1305 552 1350 duonum
575 1319 655 1366 regum
674 1303 755 1363 quibua
774 1308 844 1363 nuph

115 1415 118 1436 ι
171 1365 257 1420 suisset,
282 1369 322 1414 sibi
341 1369 389 1430 ipss
407 1368 559 1415 consuleret.”
601 1367 672 1414 Hunc
693 1366 798 1413 nuntium
816 1379 846 1412 ac

172 1431 239 1478 simui
249 1447 360 1479 venenum
375 1432 448 1480 serens
463 1433 564 1480 minister
577 1448 629 1479 cum
640 1433 668 1479 ad
678 1431 843 1493 Sophonisbam

173 1497 278 1550 venisset,
297 1496 441 1558 “Accipio'’
458 1497 536 1558 inquit,
555 1497 677 1558 “nuptiale
687 1511 788 1552 munus;
804 1508 845 1540 nec

173 1561 541 1680 qffiiqqqqqeqrffin
552 1562 846 1672 ἒὲιῖῗὲἕΐοᾙ

171 1689 247 1742 fuisse,
261 1691 333 1736 sinon
343 1691 366 1736 in
376 1691 454 1738 sunere
465 1689 674 1752 meouupsissem‘'
700 1688 758 1735 Non
769 1689 846 1735 locuta

172 1760 208 1800 est
224 1752 327 1807 ferocius,
345 1771 412 1816 quam
430 1763 545 1816 acceptum
563 1755 675 1816 pocrrlum,
692 1754 756 1800 nullo
776 1753 847 1814 trepi-

172 1817 267 1865 dationis
276 1820 341 1881 signo
352 1819 410 1873 dnto,
423 1820 534 1881 impavide
543 1820 622 1865 bausit.
659 1818 730 1872 Quod
737 1818 776 1864 ubi
785 1825 848 1864 nun-³

172 1882 252 1932 tiatum
264 1893 298 1930 est
310 1884 413 1945 Scipioni,
427 1884 519 1944 nequid
530 1899 591 1945 teger
600 1883 668 1930 animi
678 1882 744 1929 ferox
750 1881 846 1944 juvenis

172 1948 264 2008 gravius
279 1948 411 2002 consuleret
429 1949 525 1995 accitum
539 1963 591 1994 eum
605 1948 718 2009 extemplo
733 1962 796 1994 nunc
807 1961 847 1992 ao-

171 2011 245 2068 latur;
263 2026 329 2064 nuuc,
347 2013 407 2072 quod
421 2013 568 2059 temeritatem
579 2012 704 2058 temeritate
714 2011 759 2057 alit
768 2010 846 2062 luerit,
916 2052 917 2063 ,

172 2076 337 2136 tristioremque
353 2092 408 2130 reru,
425 2091 491 2137 quam
508 2092 599 2123 necesse
616 2076 690 2130 fuerit,
707 2076 795 2129 feccrit,
812 2075 848 2121 ie-

77 2195 83 2202 ·
172 2139 231 2184 niter
253 2142 354 2202 castigat.
396 2141 492 2187 Postero
510 2142 553 2194 die,
577 2148 602 2186 ut
621 2156 635 2187 a
652 2141 760 2203 praesenti
780 2146 846 2189 motu

172 2199 283 2250 averteret
293 2205 391 2250 animum
407 2207 461 2267 ejus,
480 2206 503 2251 in
517 2206 613 2252 tribunal
626 2205 734 2257 escendit,
752 2211 777 2250 et
791 2219 850 2251 cona

172 2265 260 2312 cionem
271 2267 374 2313 advocari
380 2269 454 2328 jussit.
491 2268 525 2315 ibi
536 2269 687 2322 Masinissam,
699 2269 800 2330 primum
811 2283 848 2314 re·

172 2343 226 2390 gem
238 2330 378 2390 appeliatum,
396 2333 527 2392 eximiisque
539 2341 641 2379 ornatum
652 2333 761 2385 laudibus,
780 2329 849 2379 aurei
915 2352 916 2381 ς

174 2391 264 2443 cornuti,
276 2389 342 2438 aurei
349 2395 431 2454 paterii,
445 2395 499 2442 solii
506 2397 619 2450 orruii,.et
630 2398 729 2457 scipione
736 2398 846 2446 eburneo,
915 2412 916 2417 ’

174 2453 229 2513 togi
239 2452 303 2513 picti,
322 2463 344 2500 et
360 2458 456 2517 primati
472 2459 555 2514 tunicd,
574 2461 647 2506 donat.
684 2461 755 2506 Addit
773 2461 848 2508 scibis

173 2517 289 2568 honorem,
303 2524 319 2546 “
328 2518 409 2581 Neque
417 2523 596 2585 magnificentius
604 2524 724 2585 quidquam
732 2525 848 2587 triumpho

172 2579 232 2638 apud
243 2578 367 2637 Βοωιυοι,
385 2601 457 2646 neque
471 2588 656 2649 triumphantibus
671 2589 803 2650 ampliorem
818 2604 847 2634 eo

173 2649 253 2690 ornatu
264 2657 327 2702 esse3
344 2662 388 2708 quo
399 2665 470 2698 unum
481 2652 582 2700 ommuni
593 2660 737 2704 extcrmrum
751 2653 849 2718 dignum
