1850 2917
168 138 205 185 54
279 132 309 187 T·
323 132 412 187 L1v11
426 131 482 183 'er
495 130 595 183 XXIV.
613 130 730 186 Cam&

204 259 325 311 XLVIII.
345 263 433 313 Eodem
448 278 508 309 anuo
523 261 551 312 P.
564 269 589 309 et
604 260 650 312 Cn.
665 260 774 317 Cornelii,
786 277 844 317 eun

82 319 87 329 ¹
170 328 194 378 in
204 326 314 391 Hispanii
322 344 357 375 res
367 344 480 391 prosperae
489 335 571 380 esseut,
583 328 709 387 multosque
719 336 743 375 et
752 336 846 382 veteres

172 394 295 455 reciperent
304 395 382 446 socios,
393 401 416 445 et
424 408 496 441 novos
504 392 630 454 adjicerent,
642 393 666 438 in
674 391 775 439 Afrioam
783 409 845 454 quo-

171 458 449 520 quespemexteuderunt
476 456 842 519 SyphaxeratrexNumidarum,

100 516 103 542 ³
171 523 245 579 subito
257 521 477 584 Carthaginiensibus
488 522 558 567 hostis
571 520 658 568 factus:
677 520 705 567 ad
718 537 772 567 eum
786 538 845 570 oen.

171 588 271 634 turinnes
281 594 327 633 tres
337 588 424 649 legatos
435 586 550 639 miserunt,
566 586 604 646 qui
618 602 670 634 curn
680 601 709 632 eo
718 587 844 640 amicitiam

168 652 344 711 societatemque
354 650 470 707 iacereut5
486 658 509 697 et
519 651 681 711 pollicerentur,
700 651 720 696 si
735 666 845 712 perseve-

172 724 231 763 raret
241 731 322 777 urgere
332 716 390 762 bello
404 714 608 777 Carthaginenses,
624 722 712 776 gratam
727 729 778 763 eam
792 732 844 768 rem

168 780 220 835 iore
231 781 316 827 senatui
331 781 456 842 populoque
467 779 580 831 Romano,
595 787 620 826 et
636 780 760 834 anniauros,
769 787 803 831 ut
818 783 844 828 in
914 821 915 824 ,

171 852 279 906 ternpore,
292 851 314 890 et
321 846 378 891 bene
386 844 521 891 cumulatam
529 844 624 905 gratiam
634 842 738 891 referant.
768 846 846 893 Grata

168 925 199 955 ea
207 910 289 971 legatio
300 910 391 955 barbaro
401 908 456 955 fuit:
476 909 645 968 collocutusque
655 924 706 955 eum
716 909 797 971 legatis
813 912 847 958 de

173 974 259 1021 ratione
269 974 319 1019 belli
330 974 429 1035 gerendi,
447 981 473 1019 ut
483 981 583 1020 veterum
594 974 690 1019 militum
700 975 768 1024 verba
775 974 846 1023 audi.

172 1039 213 1092 vit,
236 1053 303 1098 quam
322 1039 441 1085 multarum
459 1054 533 1084 rerum
551 1038 599 1098 ipse
617 1038 709 1099 ignarus
725 1045 792 1093 esset,
810 1055 845 1087 ex

170 1103 337 1177 comparatione
352 1110 397 1151 tam
414 1103 522 1148 ordinatae
536 1102 665 1162 disciplinae,
683 1102 784 1149 animum
800 1105 843 1151 ad-

174 1168 248 1214 vertit·
283 1166 352 1221 Tum,
367 1168 463 1229 primum
480 1174 506 1212 ut
517 1182 558 1228 pro
573 1167 638 1213 bonis
651 1166 789 1215 aelidelibus
804 1185 845 1217 so-

173 1232 214 1279 ehs
229 1231 335 1285 iacerent,
353 1232 458 1284 oravit‘
461 1237 504 1277 ‘ut
521 1232 565 1277 duo
580 1230 716 1293 legationem
733 1232 844 1285 referrent

173 1297 202 1345 ad
213 1297 361 1357 imperatores
380 1312 446 1353 suos;
469 1311 527 1343 unus
545 1295 604 1357 apud
619 1312 669 1343 sese
684 1296 790 1359 magister
808 1301 845 1351 td

174 1360 274 1407 militaris
285 1368 422 1411 remanerem
441 1360 519 1407 rudem
530 1360 558 1407 ad
571 1360 680 1422 pedestria
689 1362 746 1407 bella
756 1361 844 1409 Numi.

147 1429 148 1437 ’
172 1426 251 1472 darum
261 1433 352 1487 gentem
363 1441 419 1479 esse,
434 1426 496 1485 equis
505 1430 593 1471 tantum
604 1425 705 1471 habilem.
740 1424 777 1471 Ita
789 1428 840 1489 jun

168 1490 224 1539 iude
241 1505 254 1537 a
269 1490 381 1553 principiis
391 1490 466 1551 gentis
481 1490 576 1551 majores
592 1504 646 1535 suos
661 1490 718 1536 bella
731 1492 838 1552 gessisse,

171 1556 206 1603 ita
216 1570 240 1601 se
251 1555 348 1617 spueris
358 1555 465 1601 insuetos.
500 1554 546 1601 Sed
556 1554 636 1601 habere
646 1556 732 1617 hostem
742 1556 842 1616 pedestri

174 1620 279 1669 fidentem
290 1620 380 1667 Marte:
400 1620 435 1667 cui
451 1619 472 1666 si
487 1620 570 1679 equari
586 1620 666 1666 robore
680 1620 761 1665 virium
775 1621 841 1677 velit,

172 1692 197 1739 et
212 1684 252 1731 sibi
267 1685 351 1745 pedites
367 1684 527 1745 comparandos
541 1699 605 1742 esse3
622 1690 645 1732 et
658 1684 687 1731 ad
701 1685 725 1730 id
737 1686 843 1733 multita-

171 1749 225 1796 dine
239 1748 354 1795 hominum
368 1764 463 1810 regnum
479 1748 603 1798 abundare:
623 1749 663 1795 sed
678 1750 784 1803 ormmdi,
801 1767 843 1798 ore·

170 1813 284 1873 nandique
301 1820 324 1861 et
340 1813 463 1859 instruendi
479 1828 519 1860 eos
532 1820 603 1859 artem
619 1814 736 1875 ignorare.
755 1817 840 1869 omnia,

171 1878 235 1926 velut
243 1878 301 1925 forte
309 1875 522 1941 congregatdturbri,
533 1885 597 1929 vasta
604 1893 630 1924 ae
638 1880 841 1928 temerariaesse.”

172 1942 194 1995 F
195 1951 283 1991 acturos
294 1959 318 1991 se
328 1945 351 1993 in
362 1944 487 2023 praesentis,
504 1943 565 2019 qupd
580 1942 654 1996 vellet,
667 1944 735 2006 legati
746 1960 841 2006 respon

172 2001 253 2063 derunt
260 2025 268 2066 ς
285 2008 329 2055 lide
338 2006 435 2071 accepta
451 2015 478 2055 ut
487 2007 611 2056 remitteret
620 2009 802 2069 extemploeum‚
819 2012 840 2059 si

172 2070 757 2215 htrt‘tzmzisttzthhtihtittr
778 2074 841 2187 cd,

170 2203 258 2251 rluobus
267 2202 378 2249 Romanis
393 2203 482 2262 reliquis
498 2202 598 2249 Numida
611 2203 720 2264 legatos
713 2218 737 2249 m
754 2202 842 2265 Hispa-

170 2268 232 2315 niam
251 2268 312 2313 mIsit
330 2268 358 2313 ad
377 2267 525 2327 accipiendam
542 2266 608 2313 iidem
626 2268 655 2313 ab
672 2268 841 2329 imperatoribsu

172 2330 290 2379 Romanis.
325 2330 409 2377 Iisdem
424 2331 544 2385 mandavit
562 2338 588 2378 ut
601 2332 703 2393 protinus
717 2332 838 2391 Numidas,

170 2395 214 2456 qui
221 2395 279 2440 intra
288 2395 390 2456 praesidIa
402 2393 619 2457 Carthaginiensium
628 2393 744 2443 auxiliares
754 2406 838 2453 essent.

171 2458 200 2505 ad
211 2459 363 2513 transitionem
378 2460 512 2521 pellicerent.
547 2460 581 2507 Et
598 2462 709 2508 Statorius
724 2476 754 2508 ex
767 2460 840 2516 mults

167 2522 297 2594 juventute·
314 2524 362 2584 regi
388 2525 474 2585 pedites
498 2526 650 2587 conseripsit,
679 2525 839 2587 ordinatosque

168 2585 270 2647 proxime
281 2602 366 2634 morem
378 2587 515 2645 Romanurn,
526 2590 657 2638 instruendo
668 2597 691 2639 et
701 2590 838 2643 decurrendo

168 2650 233 2711 elgna
244 2652 312 2712 sequi,
329 2658 352 2700 et
366 2667 455 2702 servare
465 2655 554 2714 ordines
564 2656 655 2704 docuit·
645 2691 656 2717 ,
673 2663 697 2703 et
706 2670 768 2720 open
761 2656 838 2705 'aliis
