1850 2917
209 141 239 190 r.
252 108 342 190 nrvrr
357 142 410 190 nn.
424 139 524 190 xxrx.
544 141 605 192 cn.
619 145 642 190 r.
713 146 762 192 arr

94 274 196 336 loquium
207 288 259 319 cum
271 273 374 335 Scipione
385 273 518 331 alienatum3
535 271 680 319 Masinissam
691 273 767 336 aperti

95 339 220 386 deiectione
234 337 402 385 infestissimum
418 339 519 384 hostem:
540 337 594 384 nihil
607 353 700 397 usquam
712 340 769 401 spei,-

95 403 150 451 nihil
165 403 242 450 auxilii
256 419 312 449 esse.
347 402 398 449 Nec
409 403 535 464 Magonem
550 418 579 449 ex
591 401 666 450 Gallis
675 417 768 450 movere

95 468 206 515 tumultus
221 467 347 528 quidquam,
365 483 406 513 nec
417 469 554 529 conjungere
565 483 614 513 sese
630 467 767 525 Hannibali3

97 541 120 581 et
131 533 282 579 Hannibalem
297 533 369 594 ipsum
382 534 430 593 jam
446 539 469 578 et
482 530 542 578 fami
557 547 679 587 senescere,
697 540 720 579 et
734 533 770 579 vi·

97 595 184 644 ribus.”

130 661 175 708 lV.
196 661 225 707 ln
241 663 289 708 lraec
305 661 405 713 deflenda
419 662 535 724 prolapsos
549 663 576 708 ab
591 662 674 709 recenti
688 663 770 710 nuntio

98 728 186 775 animos
197 741 273 772 rursus
287 735 359 773 terror
372 727 457 772 instans
473 728 586 774 revocavit
598 729 627 773 ad
641 728 770 774 consultan-

100 793 161 846 dum,
188 806 284 852 quonam
303 792 370 837 modo
390 791 477 838 obviarn
498 793 644 854 praesentrhus
665 791 770 853 periculis

99 858 177 904 iretur.
221 855 332 902 Deiectus
355 857 433 917 raptim
454 857 478 901 in
500 858 554 902 urhe
572 857 676 918 agrisque
694 857 770 902 haberi

98 923 179 984 placet,
197 921 285 966 mittere
295 921 323 966 ad
339 921 482 967 conducenda
492 920 601 966 Afrorum
613 922 700 975 auxilia,
718 936 770 967 rnu-

99 987 147 1032 nire
162 986 246 1038 urbem,
259 985 394 1031 frumentum
406 986 537 1038 convehere,
549 986 600 1039 tela,
612 1001 674 1033 arma
683 1001 768 1048 parare,

100 1052 210 1097 instruere
227 1065 303 1102 naves,
321 1065 347 1095 ac
364 1050 452 1096 mittere
470 1051 498 1095 ad
515 1049 645 1111 Hipponem
662 1051 770 1096 adversus

101 1115 228 1162 Romanam
238 1115 338 1160 classem.
373 1113 425 1161 Jam
434 1115 484 1159 haec
494 1115 611 1175 agennbus
619 1115 711 1160 nuntius
719 1122 771 1160 tan-

100 1180 151 1226 dem
159 1179 229 1233 venit,
242 1177 346 1231 Laelium,
359 1193 404 1223 non
417 1178 551 1239 Scipionem,
564 1179 689 1240 copiasque,
699 1194 770 1240 quarr-¹

101 1251 131 1290 tae
149 1245 178 1290 ad
195 1243 332 1288 incursiones
351 1256 456 1304 agrorum
477 1244 530 1289 satis
549 1244 599 1296 sint,
618 1251 770 1302 transvectas3

101 1323 197 1354 summae
208 1308 262 1354 'belli
277 1308 358 1352 molem
374 1308 445 1353 adhuc
462 1308 486 1352 in
503 1307 576 1354 Sicilii
590 1324 646 1355 esse.
682 1308 719 1356 Ita
735 1325 771 1356 re-

79 1371 84 1386 '
101 1373 209 1435 spiratum
220 1389 228 1428 ;
242 1372 343 1432 mittique
352 1372 379 1417 ed
389 1372 513 1432 Syphacem
524 1373 654 1433 legationes,
671 1374 771 1433 aliosque

102 1437 200 1499 regulos,
212 1436 327 1482 finnandae
336 1437 446 1482 societatis
455 1434 529 1489 causi
541 1444 629 1497 coeptse.
664 1437 703 1482 Ad
715 1437 771 1483 Phi-

99 1503 185 1564 lippum
195 1515 284 1562 quoque
292 1500 361 1553 missi,
379 1501 416 1560 qui
427 1500 523 1546 ducenta
532 1502 620 1562 argenti
630 1501 713 1547 talenta
722 1501 773 1562 pol-
791 1519 795 1529 r

99 1567 228 1619 licerentur,
247 1573 272 1611 ut
290 1565 313 1610 in
333 1565 430 1612 Siciliam
450 1566 527 1612 autin
544 1563 632 1612 Italiam
651 1566 769 1628 trajiceret.

101 1631 170 1679 Missi
181 1638 205 1677 et
216 1629 244 1676 ad
254 1629 310 1676 duos
320 1629 463 1692 imperatores
470 1632 494 1676 in
505 1629 601 1684 Italiam,
619 1638 644 1677 ut
654 1632 715 1676 omni
726 1638 773 1677 ter-

100 1711 152 1742 rore
168 1695 297 1755 Scipionem
311 1695 446 1740 retinerent:
465 1694 494 1740 ad
507 1695 633 1757 Magonem
648 1711 693 1742 nou
705 1696 773 1758 legati

101 1761 178 1814 modo,
197 1759 238 1805 sed
252 1759 333 1820 viginti
349 1759 446 1820 quinque
462 1772 532 1806 naves
547 1759 629 1821 longae,
648 1776 687 1807 sex
704 1761 773 1807 millia

100 1825 210 1888 peditum,
223 1823 346 1884 octingenti
357 1825 448 1884 equites,
462 1831 547 1884 septem
558 1824 675 1885 elephanti,
691 1826 774 1871 adhoc

102 1904 187 1951 magna
200 1888 295 1950 pecunia
308 1887 336 1934 ad
351 1889 493 1934 conducenda
504 1888 591 1940 auxilie,
609 1889 688 1948 quibus
701 1887 773 1934 fretus

102 1955 194 2016 propius
206 1954 282 1998 urbem
294 1952 420 1999 Romanam
432 1953 554 1998 exercitum
565 1951 700 2005 admoveret,
718 1968 773 1999 con-

99 2021 252 2082 iungeretque
262 2031 286 2062 se
295 2015 423 2064 Hannibali.
451 2017 512 2064 Haec
522 2015 658 2078 Carthagine
667 2019 774 2079 parabant

101 2083 267 2145 agitabantque
302 2082 341 2128 Ad
352 2081 448 2128 Laelium
463 2082 550 2143 praedas
563 2082 667 2143 ingentes
678 2097 706 2130 ex
717 2097 773 2146 agro

103 2147 184 2194 inermi
203 2162 230 2193 ac
246 2145 306 2192 nudo
321 2146 429 2208 praesidiis
446 2154 549 2208 agentem
568 2146 696 2201 Masinissa,
713 2145 774 2194 larnai

104 2212 218 2260 Romanae
229 2211 305 2257 classis
319 2212 411 2264 excitus,
430 2226 481 2257 oum
497 2212 606 2272 equitibus
616 2212 691 2274 paucis
701 2212 771 2258 venit.

105 2275 130 2324 Is
149 2283 164 2306 “
177 2275 275 2338 segniter
290 2291 336 2321 rem
349 2275 386 2336 agi
397 2275 424 2322 ab
436 2275 556 2336 Scipione”
566 2285 666 2337 questus,
685 2283 701 2305 ‘⁴
712 2277 773 2336 quod

104 2349 154 2388 turn
169 2354 215 2386 non
226 2341 274 2400 jem
289 2340 411 2385 exereitum
425 2339 449 2384 in
463 2339 563 2386 Africam
577 2342 705 2402 trajecisset,
723 2355 775 2400 per-

104 2405 172 2452 culsis
188 2402 415 2466 Carthaginiensibus,
434 2404 536 2462 Syphace
552 2405 658 2465 impedito
674 2405 775 2450 finitimis

103 2469 173 2524 bellis,
192 2483 259 2530 quem
268 2469 377 2514 incertum
389 2468 488 2522 haerere3
506 2467 633 2528 si-spatium
645 2469 673 2515 ad
683 2484 730 2522 sua,
749 2474 775 2513 ut

102 2535 166 2588 velit,
184 2532 338 2594 componenda
354 2531 425 2584 detur,
443 2531 498 2575 nihil
512 2530 598 2578 sinceri
607 2533 651 2579 fide
661 2542 712 2578 num
723 2533 775 2578 Ro-

102 2598 177 2646 manis
188 2605 296 2644 acturum.
317 2594 460 2648 Hortaretur,
472 2609 499 2640 ao
507 2595 631 2642 stimularet
639 2597 773 2656 Scipionem,

103 2668 248 2713 accussaret·
283 2659 320 2716 Seu
332 2661 633 2770 quamquamressgnopulsas
643 2666 773 2713 aseneum

517 2737 533 2769 rr
