1850 2917
175 131 223 174 too
289 125 319 175 Τ.
332 123 421 175 LlV'il
436 125 489 176 Lm·
502 123 593 174 XXX:
606 123 666 176 car.
679 125 721 172 86.

176 255 486 318 estnonpaoeliomodoae.
502 254 841 314 sedblovictmnecspem

177 319 254 366 salutm
264 321 321 373 alibi,
333 335 399 381 quam
407 321 430 366 iu
441 336 496 382 pace
505 318 649 382 impetrandi,
658 334 716 365 esse.

208 382 330 431 xxxvl.
350 385 431 446 Scipio,
449 384 565 431 confestim
579 400 594 430 a
605 384 687 446 proelio
703 381 841 443 expugna&

177 448 274 494 hostium
290 449 368 496 castris
386 449 527 512 direptisque,
546 463 598 494 cum
615 448 703 509 ingenti
719 443 795 507 predii
812 445 843 490 eal

176 527 238 558 mare
245 527 271 558 ac
280 527 348 560 naves
356 512 432 570 rediit3
444 514 524 559 nuntio
530 513 604 565 allato,
616 511 645 557 P.
655 511 780 558 Iaennilum
787 524 842 554 cum

176 576 336 638 quinquaginta
345 578 451 632 rostratis,
470 582 561 623 centum
577 576 690 629 onerariis,
708 589 762 621 cum
779 573 842 618 omni

176 653 260 702 genere
268 642 411 694 commatis,
423 641 451 688 ad
460 640 551 688 Uticam
559 640 685 688 maeotim
708 638 844 684 Admonen-

177 704 230 750 dum
240 705 309 766 igitur
319 705 415 766 undique
425 713 532 752 terrorem
542 705 650 766 perum
661 701 796 763 Carthagini
806 715 842 746 ra-

177 775 221 821 tus,
237 769 305 814 misso
321 767 393 814 Laelio
403 769 502 816 Romam
511 785 563 816 cum
573 769 674 815 victorie
687 767 776 819 nuntio,
793 764 839 812 Cn.
923 800 924 815 i

177 831 297 878 Octavium
307 834 405 879 terrestri
417 834 495 880 itinere
510 833 592 879 lucere
605 832 706 894 minues
721 829 842 891 Carthagi-

178 909 229 942 nem
233 897 310 958 jubet:
327 898 380 960 ipse,
389 897 418 944 sd
425 913 488 946 suam
496 904 594 945 veterem
602 893 661 942 novi
669 894 763 942 Lentuli
770 895 842 940 classe

177 957 287 1021 adjuncti,
301 960 413 1021 proiectus
423 963 450 1007 ab
462 959 531 1008 Utioi
544 968 634 1023 portum
645 957 842 1020 thaginispe-

177 1023 211 1068 tit.
241 1022 311 1070 Haud
320 1026 398 1086 procul
408 1027 489 1079 aberat,
500 1040 552 1072 cum
561 1025 635 1071 velata
643 1022 720 1069 insulis
731 1023 842 1082 ramisque

178 1087 233 1133 oleae
246 1084 461 1149 Carthaginiensium
472 1089 568 1136 occurrit
577 1088 647 1134 navis.
672 1086 763 1132 Deum
772 1087 841 1147 legati

177 1157 241 1198 erent
251 1152 360 1213 principes
370 1152 472 1205 civitau's,
486 1158 577 1199 auctore
590 1151 718 1196 Hannibale
733 1150 797 1195 misai
813 1150 842 1196 acl

178 1215 295 1276 petendun
305 1229 381 1276 paoem
391 1231 397 1261 ι
412 1217 450 1275 qui
460 1229 512 1262 cum
522 1216 551 1262 ad
557 1215 647 1276 puppim
657 1215 770 1275 praetoriae
777 1215 842 1260 nevis

178 1279 583 1340 accessissentvelamentasupplicum
590 1279 737 1340 porrigentes,
742 1285 840 1331 orentes,

178 1341 363 1402 implorantesque
370 1342 436 1390 iidem
444 1351 468 1390 et
475 1343 646 1390 misericordiam
653 1342 778 1402 Scipionis;
789 1343 842 1388 nul-

179 1406 226 1452 lum
237 1405 263 1451 iis
272 1406 332 1454 aliud
343 1421 473 1468 responsum
481 1407 563 1460 (latum,
572 1421 639 1467 quam
647 1414 672 1452 ut
679 1405 794 1452 Tunetem
802 1422 843 1452 ve·

178 1471 266 1516 nitent:
285 1485 312 1516 eo
325 1485 350 1518 se
363 1478 576 1518 maturanum:
594 1470 843 1532 ipseaboontemplato

179 1535 223 1580 situ
229 1532 376 1596 Carthaginis,
386 1549 431 1581 non
438 1535 598 1583 tamnmmdi
605 1535 629 1580 iu
636 1535 763 1595 paesentis,
772 1549 841 1594 quam

179 1599 314 1660 deprimendi
331 1599 401 1645 hostis
417 1597 491 1653 causi,
505 1598 604 1651 Uticam,
620 1599 699 1644 eodem
710 1606 733 1645 et
744 1598 841 1645 Octavio

179 1670 290 1715 revocato,
298 1663 369 1710 rediit.
392 1662 448 1710 Inde
454 1662 656 1724 prooedentihussd
662 1661 776 1709 Tunetem
783 1677 844 1708 nun-

178 1725 314 1781 tiuasllatua,
324 1727 461 1781 Verminam,
472 1727 579 1788 Syphacis
584 1725 661 1779 tilium,
671 1741 722 1772 cum
730 1727 843 1787 equitibus

177 1789 275 1851 plunbus
296 1806 362 1850 quem
383 1791 498 1852 peditibus,
522 1791 598 1838 veniae
619 1789 842 1852 caruagmmnua

178 1853 267 1900 auxilio.
302 1853 358 1903 Pars
368 1855 479 1902 exercitlls
488 1869 540 1901 mum
551 1854 612 1900 omni
622 1855 722 1914 equitem
732 1855 843 1903 Saturno-

177 1917 234 1964 libus
241 1919 318 1979 primis
327 1934 408 1982 agmen
418 1933 531 1981 aggmsas,
543 1918 653 1964 Numidas
664 1918 710 1965 leui
719 1920 844 1965 certamine

176 1981 247 2028 fuditz
267 1983 328 2030 exitu
342 1997 430 2044 quoque
446 1981 509 2044 iuge
523 1983 651 2036 intercluso,
669 1997 684 2028 a
698 1989 763 2044 parte
778 1984 843 2030 omni

178 2045 318 2093 circumdatis
325 2047 765 2107 equitibuniquindecimmilliahominum
770 2062 842 2104 οπως

177 2109 237 2156 mille
245 2115 268 2155 et
279 2109 368 2158 ducetiti
378 2112 423 2158 vivi
429 2112 490 2172 capti
500 2118 559 2164 sunt,
569 2111 649 2171 aequi
655 2109 771 2156 Numidici
779 2112 842 2157 mille

177 2180 201 2220 et
211 2173 334 2234 quingenti,
346 2175 410 2236 signa
420 2175 522 2222 militaria
533 2175 577 2222 duo
588 2182 611 2220 et
622 2176 770 2236 septuaginta.
792 2175 843 2222 Re·

176 2236 244 2302 gulus
255 2237 302 2297 ipae
312 2240 369 2285 iuter
381 2240 502 2286 tumisstum
513 2255 565 2286 cum
574 2239 651 2300 paucis
661 2237 749 2300 effugit.
779 2238 841 2284 Tum

176 2303 204 2350 ad
215 2299 326 2348 Tunetem
335 2302 419 2356 eodem,
431 2319 477 2364 quo
487 2311 558 2357 antea,
567 2303 618 2350 loco
628 2304 795 2364 custraposita3
807 2304 842 2350 le-

175 2367 268 2430 gatique
278 2366 369 2428 triginta
381 2363 518 2428 Carthagine
531 2367 560 2414 ad
570 2367 697 2428 Scipionem
712 2375 839 2415 vesienmts

176 2440 199 2478 et
211 2427 243 2476 illi
256 2431 344 2486 quidem
361 2431 432 2476 multo
449 2431 600 2484 miserabilius,
619 2445 685 2491 quam
702 2439 761 2485 ante,
782 2433 840 2494 (quo

175 2498 249 2555 magis
261 2493 355 2554 cogebat
368 2492 468 2554 fortune)
483 2505 593 2556 egerimtz
612 2495 782 2555 sed'aliquanto
797 2497 843 2541 mi-

175 2573 230 2604 nore
246 2572 297 2604 cum
310 2556 458 2604 misericordii
471 2560 500 2605 ab
517 2560 600 2606 tenenti
616 2557 725 2606 memorii
742 2559 842 2620 perfidiae

173 2623 241 2670 auditi
254 2627 313 2670 sunt.
342 2619 371 2668 In
382 2622 474 2668 consilio
488 2637 620 2685 quamquam
635 2624 699 2686 justa
713 2624 747 2672 im
759 2639 841 2672 omnes
