1850 2917
196 134 227 189 T·
241 134 331 186 alvu
346 134 401 186 Lo
414 134 526 185 xxvlt
545 136 606 187 Car.
618 142 663 190 44.
712 144 769 191 285

100 265 163 313 lonua
172 265 241 313 iasio
249 266 313 327 copia
320 274 389 313 erse.
411 265 465 329 Ipse
472 268 500 315 de
510 275 559 315 toto
568 268 668 316 exercitu
678 270 762 321 civium

32 383 33 386 Ἴ
100 332 257 391 sociorumque,
273 330 335 391 quod
352 332 438 379 roboris
454 340 509 386 erat
526 333 617 395 delegit,
634 348 674 381 sex
691 335 761 383 millis

32 403 33 406 ’
97 396 197 457 politum,
217 394 281 441 mille
296 397 396 455 equtess
413 398 549 458 pronuntiat,
566 412 675 459 occupare
693 412 719 445 se
735 400 759 447 in

96 460 190 507 Luoeuis
208 461 334 521 proximam
351 462 428 508 urbem
444 460 600 522 Punicumque
618 462 642 509 in
660 458 687 509 ei
717 478 762 510 rte-

96 526 171 572 sidium
185 524 262 582 velle;
280 532 305 571 ut
319 525 348 571 sd
360 526 403 573 iter
412 528 482 587 parati
493 542 571 573 ornnes
584 532 667 575 erent.
701 478 761 574 Hro-

96 590 163 637 footus
177 597 248 635 noete
263 587 327 635 ilexit
339 590 365 635 in
379 589 496 638 Picenum.
529 590 563 639 Et
573 592 652 639 consul
661 591 757 653 quidem,

96 655 179 716 quantis
190 654 297 700 maximis
305 654 420 702 itineribus
429 662 523 718 poterat,
535 656 563 703 sl
573 656 681 718 collegam
693 656 763 705 duce-

95 721 135 773 bot,
147 720 228 765 relicto
240 717 273 772 Q.
284 716 350 766 Catio
359 720 441 781 legato,
453 720 491 781 qui
502 720 580 767 nstris
589 728 702 783 praeesset·

123 782 221 831 XLIV.
239 782 324 831 Rome
336 784 396 831 baud
410 785 485 832 mnus
499 786 590 833 terroris
605 800 633 832 so
650 785 760 834 tumultis

94 856 145 903 erat,
162 864 233 909 quam
248 846 322 895 fuerat
335 850 425 895 bimulo
441 856 499 902 ante.
517 865 568 897 oum
584 856 656 897 cestre
672 849 767 900 Punico

92 917 175 977 Quoto
187 912 301 959 Romanis
315 914 426 961 'rnoenibus
439 915 554 977 portisque
566 914 667 962 fuerant:
686 930 759 977 neque

92 981 142 1027 nas
158 978 278 1025 constabat
293 978 380 1033 annuis,
397 986 444 1025 tarn
454 979 529 1027 audax
542 979 585 1027 iter
598 980 695 1027 consulis
709 982 760 1029 luu-

92 1044 166 1092 darent
174 1043 364 1103 vituperareutne.
393 1044 521 1105 Apparebat
531 1044 587 1107 (quo
598 1044 652 1092 nihil
661 1045 758 1107 iniquius

91 1107 133 1168 est)
150 1123 184 1155 ex
200 1113 285 1153 eventu
300 1106 382 1155 sumam
399 1108 531 1155 habiturum·
567 1114 582 1139 ⁴⁴
595 1108 675 1157 Castra
687 1124 758 1172 prope

91 1172 240 1221 Hannibalern
255 1172 344 1218 bostem
359 1172 435 1221 relicte
445 1174 494 1220 sine
504 1173 568 1227 duce,
583 1188 635 1221 cunr
646 1174 754 1227 exercitu,

89 1238 123 1284 oui
132 1239 261 1285 detructum
271 1236 332 1283 foret
344 1252 419 1290 omne,
435 1238 496 1298 quod
511 1239 602 1291 roboris,
619 1238 679 1299 quod
693 1237 763 1287 floris.

87 1302 168 1360 fuerit3
184 1309 209 1349 et
220 1302 337 1347 consulem
352 1301 375 1347 in
386 1300 492 1353 Lucanos
502 1304 625 1351 ostendisse
635 1302 685 1357 iter,
702 1318 754 1351 cunr

88 1366 196 1415 Picenum
218 1373 242 1413 et
264 1366 361 1413 Gallium
382 1374 474 1428 peteret,
498 1375 570 1415 csstrs
592 1368 753 1428 relinquentem

87 1431 146 1480 nulli
158 1430 203 1479 ulii
214 1447 240 1477 re
249 1431 338 1484 tutiora,
354 1445 422 1491 quum
436 1448 511 1481 errore
526 1432 603 1485 hortis,
621 1433 660 1492 qui
674 1434 753 1479 ducem

86 1498 136 1545 inde
147 1505 220 1558 utque
229 1496 341 1542 exercitus
351 1504 435 1557 partun
447 1498 524 1545 abesse
536 1497 657 1558 ignoraret.
693 1496 755 1550 Qud

84 1562 193 1615 futurum,
212 1561 230 1607 si
248 1560 271 1606 id
284 1560 356 1622 palam
370 1560 425 1607 iat?
441 1569 467 1607 et
480 1569 518 1609 aut
532 1560 619 1621 insequi
629 1559 753 1615 Neronem,

85 1643 136 1674 oum
153 1641 197 1674 sex
214 1625 311 1671 millibus
330 1633 465 1673 armatorum
484 1624 615 1688 proiectum,
640 1624 754 1673 Hannibal

85 1700 133 1740 toto
149 1690 252 1738 exercitu
268 1690 329 1742 velit,
347 1698 386 1736 aut
401 1698 474 1738 ossus
490 1692 600 1745 invadere,
618 1690 701 1752 praedse
718 1707 754 1737 re-

84 1758 143 1811 liets,
161 1755 312 1808 sineviribus,
329 1754 487 1817 sineimperio,
499 1756 547 1803 aine
557 1754 687 1817 auspicioi”
705 1754 754 1803 Ve-

83 1830 142 1873 teres
160 1823 211 1884 ejus
228 1820 280 1866 belli
298 1820 378 1873 clades,
396 1821 441 1867 duo
454 1821 559 1867 eonsules
575 1820 677 1881 proximo
693 1834 754 1867 nuno

83 1886 203 1940 interiecti,
224 1885 349 1931 terrebant:
369 1884 426 1933 “Et
442 1900 472 1932 ea
486 1885 562 1933 omnio
572 1884 684 1937 accidisse
700 1898 753 1931 cum

83 1968 142 2001 unus
152 1952 280 2013 imperator,
298 1964 356 1995 unus
366 1950 478 1997 exeroinrs
491 1950 590 1997 hostiurn
603 1948 626 1993 in
641 1944 707 1995 Itslii
716 1962 755 1994 ea-

83 2025 131 2066 tet:
150 2030 214 2063 nunc
224 2016 268 2061 duo
278 2014 336 2060 bella
346 2013 432 2061 Punice
441 2014 508 2069 funs,
525 2014 581 2061 duos
595 2013 698 2075 ingentes
711 2026 755 2059 ex·

81 2084 172 2135 ercitus,
185 2081 248 2127 -tiuos
257 2095 326 2141 prope
337 2078 476 2126 Hanmboles
486 2078 509 2125 in
521 2075 658 2127 letiense:
671 2077 755 2140 quippe

81 2157 105 2197 ot
123 2145 298 2198 Hasdrubalem,
316 2151 379 2205 patre
396 2144 475 2191 eodem
494 2142 625 2191 Hamilcare
641 2143 753 2203 genitum,

82 2228 148 2275 aeque
161 2211 285 2272 impigrum
301 2209 388 2262 ducem,
405 2225 447 2271 per
462 2216 497 2256 tot
512 2210 536 2255 in
554 2206 665 2269 Hispunii
681 2218 755 2257 ennon

80 2278 189 2327 Romano
199 2275 346 2321 exercitatum
355 2273 420 2328 bello,
429 2272 520 2336 gemini
529 2270 622 2320 victorii
632 2272 751 2332 insignem,

82 2344 170 2390 (luobus
189 2340 322 2387 exercitibus
339 2354 391 2385 curn
410 2339 537 2384 clarissimis
555 2338 647 2384 ducibus
665 2333 751 2383 deletis·

82 2408 145 2455 Nam
155 2405 243 2452 itineris
253 2404 342 2465 quidem
350 2403 464 2448 celeritate
474 2416 503 2447 ex
514 2398 632 2462 Hispaniiu
644 2406 667 2445 et
678 2397 756 2445 conci.-

80 2474 134 2521 nrtis
151 2472 183 2518 ad
198 2485 260 2516 arma
273 2467 368 2515 Gallicis
381 2466 493 2527 gentibus,
508 2464 669 2525 multomagis,
687 2476 755 2521 quam

81 2535 237 2585 Hannibalem
248 2535 329 2594 ipsum,
341 2529 433 2591 gloriari
441 2544 522 2589 posse:
540 2529 620 2589 quippe
630 2528 654 2571 in
664 2524 755 2571 iislocin

80 2600 256 2660 bunceoiigisse
266 2595 398 2646 exercitum,
415 2593 495 2653 quibus
504 2592 541 2637 ille
551 2593 658 2652 majorem
668 2594 755 2661 purtem
842 2652 846 2663 Ι

79 2669 180 2716 muitum
193 2663 255 2713 tuoe
272 2676 299 2708 ae
312 2658 404 2720 ffigore,
421 2671 473 2719 nuae
486 2655 612 2707 mimus
623 2657 703 2713 moon
715 2661 765 2709 80*-

863 2746 889 2791 A

836 2806 887 2851 l-
