1850 2917
146 143 195 188 aso
253 122 648 186 T..L1vn..1,1r.:xx1x.'cm
662 141 702 185 aa

145 268 188 318 alsi
199 268 222 314 in
234 274 321 320 senatu,¹
330 273 418 313 actumt
436 267 473 314 ubi
485 277 563 313 omues
572 267 685 329 legalique
692 274 716 313 et
725 266 823 323 trilsmi,

146 333 240 388 classem
250 347 307 385 cam,
319 332 449 386 executum,
461 332 585 392 ducemque
591 333 665 379 verbis
673 333 820 386 extollentes,

146 397 274 450 effecerunt,
287 404 312 443 ut
323 403 412 442 senatus
420 404 527 450 censeret,
538 398 611 458 primo
619 413 709 459 quoque
714 404 824 458 tempore

141 465 169 509 'in
185 462 284 510 Africam
299 461 466 524 trajiciendum
487 462 629 522 Scipionique
642 463 820 524 permitteretis,

147 535 173 574 ut
183 543 212 574 ex
222 527 249 573 iis
259 527 397 578 exercitibus,
410 524 565 586 quiinSicilhi
572 534 653 580 essent,
666 527 715 588 ipse
722 527 819 587 legeret,

146 593 236 653 quosin
247 590 348 638 Africam
357 605 434 636 ,secum
445 591 561 653 trajiceret,
577 607 634 652 quos
647 591 823 652 provinciaers-

146 658 255 717 linqueret
265 655 375 718 praesidio.

180 719 280 767 xx111.
300 719 364 766 Dum
375 720 428 770 haec
434 720 493 781 apud
503 721 620 767 Romanos
628 728 745 782 geruntur,
755 718 822 768 Car-

146 787 296 847 thaginienses
310 799 406 845 quoque,
424 800 483 837 cum,
501 787 596 846 speculis
610 801 651 846 per
664 786 822 846 promontoria
923 834 924 849 2

148 852 223 898 omnia
236 850 321 912 positis,
338 857 495 911 percontantes
508 858 659 910 paventesque
672 851 701 896 ad
715 850 821 911 singulos

148 916 238 966 nuntios
250 914 364 960 sollicitam
380 915 475 960 hiemem
490 915 597 976 egissent,
612 915 671 961 haud
685 930 786 977 parvum,
796 923 822 960 et
923 896 924 953 Ῐ

147 981 189 1042 ipsi
200 979 288 1030 tuendae
299 977 384 1025 Africae
394 986 533 1024 momentum
544 981 672 1040 adjecerunt
686 979 819 1026 societatn

111 1051 113 1060 ’
149 1044 256 1106 Syphacis
271 1045 338 1105 regis,
356 1044 418 1106 cujus
433 1044 530 1089 maxime
544 1043 625 1090 fiduciis
637 1045 819 1106 trajecturumin

148 1109 249 1156 Aincsm
261 1108 398 1154 ¹Romanurn
417 1108 580 1154 crediderumt..
601 1109 658 1156 Erat
677 1108 819 1161 Hasdrubali

135 1173 258 1234 'Gisgonis
268 1172 314 1219 filio
325 1187 369 1218 non
380 1173 500 1233 hospitium
511 1174 578 1219 modo
589 1189 640 1219 cum
655 1189 716 1235 rege,
732 1174 818 1232 dequo

148 1245 200 1284 ante
211 1237 294 1284 dictum
305 1245 346 1290 est,
363 1251 413 1282 cunr
424 1251 454 1282 ex
465 1237 576 1298 Hispania
584 1238 644 1284 forte
653 1239 676 1284 in
687 1239 819 1284 idem'tem·

147 1317 189 1364 pus
201 1302 275 1362 Scipio
285 1307 351 1362 atque
363 1301 491 1348 Hasdrubal
500 1310 664 1348 convenerunt:
682 1303 721 1348 sed
731 1302 818 1348 mentio

147 1380 236 1427 quoque
246 1366 349 1412 inchoata
359 1365 478 1419 affinitatis,
487 1374 516 1416 ut
526 1381 567 1412 rex
574 1367 665 1413 duceret
671 1367 740 1416 liliam
752 1366 818 1412 Has-

147 1430 248 1478 drubalis.
284 1429 323 1476 Ad
336 1445 385 1478 earn
400 1445 446 1476 rem
463 1430 667 1485 consummandam,
685 1439 819 1492 tempusque

147 1495 230 1558 nuptiis
245 1494 393 1547 statuendum,
410 1495 466 1557 (jam
481 1495 540 1541 enim
555 1503 577 1541 et
590 1495 670 1540 nubilis
680 1504 728 1542 erat
738 1493 819 1557 virgo)

146 1560 259 1623 proiectus
270 1559 404 1612 Hasdrubal
420 1567 445 1604 ut
456 1573 573 1606 accensum
584 1559 704 1620 cupiditate
718 1561 753 1622 (et
764 1569 819 1607 sunt

147 1633 199 1672 ante
220 1639 298 1671 ornnes
320 1623 425 1670 Numidae
437 1623 546 1683 'barbaros
564 1621 629 1670 effusi
645 1625 670 1669 in
689 1623 817 1684 Venerem)
864 1638 867 1644 ’

147 1689 224 1742 sensit,
243 1689 352 1748 virginem
367 1689 394 1733 ab
409 1686 546 1748 Carthagine
560 1689 658 1742 arcessit,
676 1697 819 1750 maturatque

118 1785 126 1798 .
148 1753 248 1814 nuptias:
274 1759 297 1798 et
311 1752 370 1798 inter
386 1752 450 1798 aliam
466 1754 689 1813 gratrdatiouem,vut
704 1755 818 1814 publicum

146 1833 236 1930 puoquce
245 1815 319 1927 sappus
329 1817 415 1892 privato
426 1816 562 1877 adjiceretur,
575 1818 671 1928 ppcrAetaup
679 1819 738 1893 inter
746 1834 819 1880 popu-

146 1897 198 2001 iihlbl,
208 1889 820 2010 εοῖιέξῃξωωῗῗὲοῗΐιίἑιῖὲοᾙῗιὼῗῇοῆῗὲωῗῖεῗυήξ

148 2012 276 2059 affirmatur.
305 2010 418 2058 Oaeterum
428 2009 562 2064 Hasdrubal,
574 2019 695 2058 memoret
705 2028 759 2058 cum
768 2013 820 2059 sci-

146 2077 214 2138 pione
224 2076 285 2124 initae
296 2077 344 2138 regi
355 2075 473 2128 societatis,
489 2083 512 2122 et
525 2091 592 2135 quam
603 2091 661 2122 vana
671 2083 694 2122 et
704 2077 820 2124 mutabilis

85 2163 90 2174 ¹
116 2185 123 2192 ,
147 2141 818 2202 bomommingemaessmavefitmne,atrajicererin

17 2806 99 2890 ,k

147 2204 248 2270 Ahicam
264 2206 345 2266 Scipio,
361 2219 453 2264 parvum
461 2204 575 2250 uinculum
586 2221 620 2250 eae
631 2206 715 2266 nuptiae
726 2212 819 2263 esseut5

148 2270 202 2316 durn
216 2285 333 2317 accensum
348 2269 431 2314 recenti
445 2283 521 2315 amore
538 2268 659 2316 Numidam
672 2271 747 2323 habet,
765 2286 819 2332 per·

147 2335 216 2394 pellit,
228 2333 338 2382 blanditiis
349 2347 437 2393 quoque
448 2333 529 2394 puellae
538 2334 647 2387 adhibitis,
659 2341 684 2380 ut
694 2335 783 2396 legatos
792 2335 819 2381 in

148 2398 251 2444 Siciliarn'
257 2399 285 2444 ad
296 2397 422 2457 Scipionem
433 2398 514 2449 mittat,
530 2413 570 2458 per
583 2413 640 2464 quos
653 2406 745 2445 moneat
754 2415 815 2453 eum,

149 2467 165 2503 .“
174 2460 213 2506 Ne
226 2460 334 2522 prioribus
349 2461 394 2506 suis
404 2461 519 2522 promissis
528 2461 599 2509 fretus
608 2463 632 2508 in
642 2462 744 2510 Africam
753 2465 818 2526 traji-

147 2523 198 2572 ciat·
234 2525 264 2570 Se
275 2531 298 2570 et
308 2524 390 2585 nuptiis
404 2526 458 2572 civis
475 2524 672 2588 Carthaginiensis,
688 2526 741 2574 filiae
751 2527 817 2577 Has-

147 2586 250 2641 drubalis,
266 2603 331 2648 quem
346 2589 426 2636 viderit
438 2590 497 2650 apud
507 2605 533 2637 se
541 2591 566 2636 in
577 2591 678 2652 hospitio,
694 2599 718 2638 st
727 2592 817 2653 publico

141 2650 213 2702 etiarn
231 2650 315 2702 foederc
333 2667 385 2700 cum
403 2652 686 2720 popalohCurtbagiuicuai
698 2657 813 2719 Juuctum,
