1850 2917
166 141 213 188 ton
278 136 310 186 Τ.
322 133 411 186 mvn
427 133 482 185 Lm.
494 132 580 184 XXV.
600 133 660 186 Cur.
673 133 726 185 ³5?

162 267 297 327 oiro'ur'niusi,
320 282 428 331 magnum
444 273 553 315 terrorem
568 263 672 314 intrrlsire·
707 263 838 315 Contraeto

162 336 268 383 adversus
276 333 388 381 Numidas
398 333 519 380 certamine
528 347 597 387 noro,
608 332 687 378 tertius
694 332 786 394 insuper
793 333 837 380 ad-

162 400 225 457 venit
239 400 317 452 bostis,
334 399 402 445 duces
411 398 479 444 Poeni
492 397 588 445 assecuti
602 399 630 444 ab
644 404 709 459 tergo
715 399 763 460 jam
773 413 838 460 pug-

162 473 255 512 nantes:
274 479 399 525 ancepsque
407 463 511 524 proelium
519 462 637 508 &manos
648 463 837 517 circumsteterat,

162 531 260 578 incertos
267 529 290 574 in
301 544 368 589 quem
379 527 521 590 potissimum
529 527 624 580 bostem
642 542 738 587 quamve
747 527 771 572 in
782 542 837 589 par.

164 601 217 649 tem,
230 593 324 641 conserti
334 593 474 656 eruptionem
485 591 590 638 facerent.
616 591 730 654 Puguauti
740 592 837 638 hortan-

163 660 225 722 tique
238 659 372 722 imperatori,
395 665 418 704 et
432 656 534 704 offerenti
550 672 576 703 ae
591 657 629 703 ubi
644 657 753 718 plurimus
770 657 837 703 labor

137 761 141 776 ,
163 730 218 777 erat,
235 725 294 771 latus
310 723 413 770 dextrum
431 720 509 769 lancei
527 722 647 783 trajicimr:
667 736 797 781 cuneusque
814 723 838 769 is

163 789 268 842 bostium,
286 789 324 849 qui
342 789 364 834 in
381 787 494 834 consertos
509 787 569 832 cirea
583 787 663 833 ducem
677 787 785 848 impetum
799 785 838 833 fe-

163 861 231 907 cerat,
249 861 274 900 ut
285 854 409 908 exanimem
419 853 531 899 labentem
545 865 576 897 ex
589 867 647 912 equo
659 851 787 912 Scipioom
797 851 837 898 si-

141 955 143 960 .
163 919 203 972 dit,
225 919 308 964 alacres
326 918 409 979 gaudio
427 932 480 963 cum
498 917 595 963 clamore
612 932 654 978 per
672 923 742 962 totam
760 917 836 963 aciem

164 983 291 1030 nuntiantes
308 983 441 1034 discurrunt,
458 982 614 1043 imperatorem
628 981 758 1027 Romanum
774 982 837 1027 oeci·

164 1048 234 1095 disse.
265 1045 326 1093 Haec
336 1051 457 1108 peruagata
467 1047 549 1106 passim
560 1061 613 1099 uox,
622 1053 648 1091 ut
655 1053 680 1091 et
687 1045 763 1092 hostes
773 1047 837 1093 haud

165 1112 230 1164 dubie
247 1127 288 1174 pro
307 1111 435 1164 victoribus,
453 1118 477 1157 et
494 1109 593 1157 Romani
607 1126 648 1172 pro
667 1110 733 1156 vietis
749 1118 835 1166 essent,

163 1177 224 1224 feeit.
260 1175 327 1238 Fuga
345 1174 462 1222 confestim
481 1189 511 1221 ex
529 1175 582 1230 soie,
604 1176 661 1221 duee
679 1175 767 1230 amisso,
784 1175 838 1223 lieri

165 1248 239 1304 empta
252 1249 295 1288 est·
330 1239 452 1293 (interum,
470 1247 497 1286 ut
506 1239 534 1286 td
544 1240 703 1302 erumpmdum
714 1240 773 1286 inter
781 1239 839 1288 Nu-

165 1306 235 1354 midas
248 1306 376 1366 levirmrque
389 1319 503 1352 armorum
517 1304 560 1351 alia
572 1305 654 1352 susim
666 1305 725 1351 baud
737 1305 838 1354 difficilis

165 1387 201 1419 res
210 1378 271 1428 erut3
288 1371 319 1417 ita
326 1369 425 1433 effugere
436 1375 523 1416 tantum
534 1369 640 1430 equinum,
652 1370 839 1433 mqumtiumque

166 1451 236 1498 equos
244 1435 361 1483 velodute
369 1435 476 1498 peditum,
485 1434 524 1480 vix
531 1441 647 1495 poterant:
660 1435 757 1496 caesique
763 1451 839 1498 prope

165 1501 240 1564 plures
258 1501 282 1546 in
298 1499 360 1563 lugi,
377 1513 443 1561 quam
462 1500 487 1544 in
504 1496 588 1560 pugni,
606 1506 671 1545 suut:
695 1513 737 1546 neo
755 1515 839 1562 super.

164 1565 244 1614 fuisset
257 1566 380 1627 quisquam,
394 1565 425 1618 ni,
440 1563 549 1626 praecipiti
558 1565 607 1626 jam
617 1564 646 1609 ad
656 1579 773 1626 vesperum
788 1566 836 1622 die,

165 1647 212 1679 nox
222 1630 384 1678 intervenisset.
616 1679 621 1691 ¹

198 1695 309 1743 XXXV.
329 1693 399 1742 Haud
409 1695 509 1757 segniter
521 1694 574 1742 inde
587 1695 655 1742 duoes
666 1692 733 1742 Poeni
741 1694 838 1744 fortuni

166 1761 207 1814 usi,
225 1759 342 1808 confestim
358 1775 371 1806 e
389 1761 477 1824 pr'oelio,
493 1759 533 1806 vix
548 1758 672 1807 necessarii
690 1761 764 1820 quiete
782 1759 838 1808 dati

165 1825 277 1880 militibus,
289 1825 317 1870 nd
326 1823 490 1872 Hasdrubalem
501 1823 637 1878 Hamilcaris
647 1825 740 1872 citatum
749 1839 836 1888 manen

165 1891 260 1954 rapiunt,
278 1904 324 1960 non
338 1888 404 1938 dubii
418 1905 465 1952 spe,
482 1905 534 1936 oum
543 1890 618 1952 juncti
631 1897 714 1943 essent,
730 1889 838 1938 debellari

164 1971 238 2019 posse.
274 1955 329 2010 Quo
339 1955 375 2002 ubi
390 1964 425 2002 est
438 1962 539 2008 ventum,
556 1954 615 2001 inter
628 1954 740 2002 exercitus
753 1955 836 2003 duces·

164 2036 215 2083 que,
233 2019 327 2067 victorii
341 2019 426 2067 recenti
440 2019 514 2074 laetos,
535 2020 654 2082 gratulatio
670 2020 751 2082 ingens
766 2019 835 2075 facta,

165 2087 298 2148 imperatore
305 2093 368 2132 tanto
377 2100 428 2132 oum
437 2085 499 2130 omni
509 2084 608 2131 exercitu
615 2085 696 2138 deleto,
708 2092 732 2131 et
742 2085 837 2132 alteram

165 2166 206 2212 pro
221 2150 280 2197 baud
295 2147 360 2196 dubii
374 2165 449 2212 parem
463 2149 580 2196 victoriam
596 2155 758 2210 exspectantes.
793 2150 836 2197 Ad

165 2213 283 2262 Romanos
299 2215 399 2262 nondum
414 2215 502 2276 quidem
515 2213 576 2261 fama
589 2221 659 2260 tantm
672 2214 741 2260 cladis
753 2229 837 2276 persea

165 2287 244 2338 nerat3
261 2280 301 2328 aed
308 2287 414 2326 moestum
422 2279 533 2340 quoddam
543 2279 655 2325 silentium
666 2286 720 2332 erat,
732 2286 756 2325 et
766 2280 837 2328 uon

165 2345 287 2402 divinatl03
308 2345 379 2405 qualis
393 2345 442 2406 jam
461 2344 644 2406 praesagientibus
662 2343 742 2391 animis
759 2343 837 2391 immi-

165 2411 238 2456 nentis
249 2408 301 2456 mali
312 2423 361 2456 esse
375 2409 439 2456 solet.
475 2407 601 2472 Imperator
613 2409 668 2470 ipse,
684 2416 835 2470 preterquam

164 2473 224 2534 quod
239 2475 266 2520 nb
281 2474 346 2520 soniis
363 2489 387 2520 se
402 2473 523 2527 desertum,
540 2473 638 2520 hostium
653 2481 741 2520 tantum
756 2481 836 2522 suetas

164 2538 239 2599 copias
254 2538 368 2591 sentiebat,
386 2537 515 2602 conjecturis
527 2539 594 2586 etiam
610 2547 635 2586 et
649 2539 735 2586 ratione
748 2539 778 2584 ad
796 2555 836 2586 su-

165 2601 286 2664 spicionem
295 2611 392 2666 nooeptae
400 2603 476 2658 cladis,
483 2618 550 2665 quam
558 2604 587 2651 ad
593 2604 661 2651 ullam
668 2601 750 2651 bonam
760 2619 833 2666 spem,

164 2667 256 2730 pronior
263 2677 318 2716 erat.
339 2676 354 2699 “
367 2667 474 2724 Quonam
484 2669 552 2718 modo
561 2669 622 2717 enim
633 2667 798 2719 Hasdrubalem
807 2685 836 2718 se
