1850 2917
210 126 409 176 T.L1V111.ns
423 125 509 174 XXX.
527 125 640 176 Car-84.
711 129 758 175 897

95 269 153 302 num
163 255 289 318 legionem
306 257 394 303 modico
406 257 457 304 inde
473 248 590 303 intervallo
606 254 692 310 relicto,
712 256 764 301 sub-
801 256 803 265 '

95 320 208 367 sidiarium
222 322 291 368 aciem
309 319 437 368 Italicorum
450 321 545 368 militum
556 320 653 383 (Bruttii
661 320 777 385 plerique*

95 392 169 437 erent,
185 385 208 432 vi
224 399 250 432 ee
267 386 399 432 necessitate
410 387 491 447 plures,
503 399 569 445 quarn
582 383 623 431 sui
636 385 760 438 voluntate,

96 447 241 496 decedentem
260 463 290 494 ex
308 447 373 496 linit
392 446 473 509 monti)
492 449 604 495 instnrxit.
629 448 763 509 Equitatum

95 512 165 559 etiem
176 514 249 574 ipsum
260 514 403 561 circumdedit
417 514 533 560 cornibus:
551 513 656 559 dextrum
668 511 764 560 Cartba-

96 577 219 638 ginienses,
232 577 346 624 sinistrum
359 577 468 624 Numidae
484 584 611 624 tenuerunt
638 576 708 622 Varia
723 577 763 622 ad-

95 641 195 688 hortatio
206 642 284 688 eratin
292 643 390 688 exercitu
397 643 455 689 inter
463 649 498 688 tot
508 642 617 694 homines,
628 641 708 701 quibus
716 655 762 686 non

96 705 184 766 linguq,
196 721 242 751 non
252 721 309 760 mos,
320 721 364 752 non
375 707 419 761 lex,
432 721 478 752 non
486 719 554 759 arma,
566 705 713 752 nonvestitus
722 706 763 751 ba-

95 769 210 829 bitusque,
222 785 268 816 non
279 785 345 818 cansa
355 771 463 818 militandi
474 770 550 817 eadem
563 776 629 816 esset
659 769 761 816 Auxilia·

96 833 159 879 ribus
176 841 199 880 et
213 849 313 896 praesens
332 842 354 881 et
369 835 514 896 multiplicata
531 849 618 880 meroes
635 848 665 880 ex
686 831 763 894 praedd

96 904 237 944 ostentatur:
257 899 318 946 Galli
335 900 424 960 proprio
440 906 507 959 atque
523 898 590 944 insito
606 898 630 942 in
644 897 762 945 Romanos

97 961 151 1007 odio
168 962 332 1013 aceenduntur:
354 961 477 1024 Liguribus
495 963 567 1023 campi
582 962 661 1008 uberes
681 960 760 1016 ltaliae,

97 1025 199 1072 deductis
213 1041 242 1072 ex
260 1027 385 1088 asperrimis
403 1027 521 1080 montibus,
541 1027 565 1072 in
584 1041 646 1086 spem
661 1026 762 1072 victoriae

97 1097 252 1136 ostentantur:
272 1087 366 1137 Mauros
378 1090 533 1150 Numidasque
547 1090 675 1137 Masinissae
689 1091 762 1150 impo-

4 1179 6 1183 .
96 1154 156 1200 tenti
166 1153 241 1200 futuro
252 1155 365 1202 dominatu
375 1161 450 1202 terret
472 1154 529 1200 Aliis
539 1154 589 1200 aliae
597 1169 646 1215 spes
654 1169 680 1200 uc
687 1160 761 1200 metus

92 1219 216 1280 Jectantur.
244 1217 462 1280 Carthaginiensibus
474 1219 559 1265 moenia
566 1219 651 1279 patriae,
663 1217 704 1264 Dii
715 1217 761 1264 Pe·

97 1289 169 1335 nates,
182 1284 281 1344 sepulcra
291 1285 407 1344 majorum,
424 1283 486 1329 liberi
500 1298 551 1329 cum
561 1283 693 1343 parentibus,
706 1297 761 1328 con-

92 1346 163 1408 juges
173 1347 266 1408 pavidae,
278 1356 318 1394 aut
328 1347 449 1393 exscidium
465 1347 628 1406 servitiumque,
641 1355 680 1392 aut
689 1347 761 1408 impe-

97 1411 157 1456 rium
168 1411 227 1457 orbis
237 1417 352 1466 terrarum,
365 1411 419 1456 nihil
429 1417 468 1457 aut
477 1411 502 1455 in
512 1417 596 1456 metum
606 1417 645 1456 aut
658 1411 682 1455 in
697 1426 760 1471 spem

37 1523 40 1530 ,
97 1474 197 1520 medium
214 1482 344 1522 ostentatur.
377 1473 437 1522 Cum
458 1474 555 1520 manime
572 1475 622 1520 brec
640 1474 760 1534 imperator

96 1538 158 1600 apud
176 1537 378 1601 Carthaginienses,
394 1539 461 1584 duces
479 1553 568 1587 suarum
584 1537 685 1599 gentium
702 1538 760 1585 inter

96 1603 223 1665 populares,
245 1603 342 1664 plerique
361 1618 399 1664 per
417 1603 548 1664 interpretes
569 1603 627 1649 inter
645 1601 759 1650 immixtos

97 1667 236 1730 alienigenis,
248 1675 346 1729 agerent,
359 1668 418 1713 tubae
428 1681 556 1726 cornuaque
565 1666 592 1712 ab
602 1666 711 1712 Romanis
717 1683 759 1714 ce-

97 1732 214 1778 cinerunt:
236 1738 357 1792 tantusque
373 1731 456 1778 clamor
474 1738 544 1782 ortua,
564 1738 590 1775 ut
607 1730 716 1791 elephanti
735 1732 759 1777 in

97 1811 159 1849 snos,
177 1797 266 1843 sinistro
276 1796 372 1842 maxime
382 1810 458 1848 cornu,
470 1800 616 1847 verterentur,
628 1794 725 1845 Mauros
733 1811 760 1843 ac

97 1858 217 1906 Numidas.
251 1859 345 1906 Addidit
357 1859 421 1906 facile
433 1857 553 1906 Masinissa
565 1858 672 1918 perculsis
687 1865 759 1906 terro-

96 1939 153 1976 rem,
165 1924 300 1984 nudavitque
313 1925 340 1970 ab
355 1921 381 1970 ei
394 1931 457 1985 parte
470 1924 539 1971 eciem
556 1922 651 1982 equestri
667 1924 762 1970 auxilio..

98 1987 183 2034 Paucae
193 1996 267 2035 temen
277 1989 404 2041 bestiarum,
419 1987 534 2048 intrepidae
549 1987 572 2031 in
590 1986 677 2032 hostem
693 1994 758 2043 ectae,

95 2053 160 2098 inter
167 2053 258 2099 velitum
267 2053 354 2099 ordines
365 2067 415 2098 cum
426 2052 502 2096 multis
519 2050 565 2096 suis
582 2051 708 2096 vulneribus
724 2052 760 2097 in-

97 2126 191 2178 gentem
206 2124 302 2178 stragem
317 2117 423 2163 edebant:
443 2116 565 2162 resilientes
579 2114 637 2159 enim
650 2115 679 2160 ad
688 2118 760 2162 mani-

96 2181 164 2244 pulos
174 2181 259 2234 velites,
272 2195 323 2227 curn
333 2182 392 2228 viam
406 2180 535 2241 elephantis,
553 2193 583 2224 ne
600 2179 759 2236 obtererentur,

95 2245 219 2302 fecissent3
234 2246 259 2290 in
275 2245 380 2306 ancipites
396 2245 424 2290 ad
441 2245 511 2290 ictum
529 2243 639 2303 utrimque
657 2244 761 2304 conjicie-

96 2311 153 2357 bant
162 2310 253 2368 bastas;
270 2325 311 2356 nec
322 2310 366 2370 pila
376 2309 403 2354 ab
413 2308 562 2368 antesignanis
575 2307 702 2363 cessabant;
719 2310 761 2356 do·

97 2389 141 2420 nec
149 2374 245 2435 undique
254 2374 400 2422 incidentibus
413 2373 464 2418 telis
474 2370 546 2418 execti
554 2386 583 2418 ex
590 2368 695 2417 Romani
704 2373 758 2428 acie,

96 2440 120 2486 hi
131 2453 220 2498 quoque
230 2439 253 2484 in
264 2453 305 2486 suo
313 2438 391 2484 dextro
398 2433 759 2497 comuipsosCarthaginiensium

97 2504 183 2564 equites
193 2503 217 2548 in
226 2501 304 2565 fugam
315 2508 438 2549 verterunt.
468 2498 560 2554 Laelius,
572 2507 598 2546 ut
612 2501 712 2547 turbatos
725 2503 760 2549 vi·

97 2568 131 2615 ‹lit
141 2569 224 2621 hostes,
236 2567 296 2614 addit
306 2566 412 2629 perculsis
423 2571 538 2612 terrorem·

131 2631 254 2679 XXXIV.
279 2629 400 2692 Utrimque
418 2625 492 2691 equite
509 2626 591 2675 nudata
611 2636 659 2676 erat
674 2626 762 2681 Punica
797 2639 803 2651 '

99 2712 151 2744 vor.
163 2711 199 2744 ιιι.
489 2696 536 2738 Ήί
