1850 2917
155 151 188 199 ua
257 112 296 197 'n
310 146 399 197 mvn
412 146 468 197 uu.
481 146 579 198 xxrv.
597 147 712 199 omer.

158 277 287 327 deiectionis
296 279 322 326 ab
330 278 440 325 Romanis
449 294 506 341 spes.
519 278 647 327 mmoveret
656 278 787 331 exercitum,
798 289 830 325 ac

157 358 257 407 praesens
273 358 324 391 suaa
338 360 374 391 rea
386 344 513 390 foventibus
527 344 617 391 adderet
629 344 722 391 animos.
757 342 830 389 Mur,

159 409 258 471 gantiam
269 408 373 471 primum,
390 410 478 471 prodito
492 410 520 456 ab
533 409 587 470 ipsis
599 408 703 470 praeaidio
711 407 829 461 Romano,

156 474 254 535 recepit:
274 474 310 519 ubi
321 472 425 521 frumenti
434 488 517 534 magna
526 474 569 526 via,
586 480 770 534 commeatusque,
777 487 832 519 om-

159 538 194 585 nis
205 537 301 599 generis,
313 539 414 584 convecti
425 545 489 596 erant
497 538 616 584 Romania.

154 654 156 657 ¹
193 600 331 649 XXXVII.
351 602 389 648 Ad
405 604 465 649 hanc
481 602 628 649 defectionem
646 602 715 649 erecti
733 608 787 647 sunt
805 606 830 647 et

160 666 253 715 alianum
270 666 391 713 civitatium
407 668 488 713 animi:
507 668 653 728 praesidiaque
667 666 774 713 Romana
789 672 832 713 aut

160 732 298 793 pellebantur
308 732 400 785 arcibus,
412 739 451 777 aut
461 733 549 793 prodita
557 747 597 793 per
606 730 707 777 fraudem
718 730 832 792 opprime·

160 796 248 843 bantur.
284 794 375 848 Henna,
393 797 483 843 excelso
497 797 548 843 loco
567 812 595 843 ac
609 803 722 857 praerupto
732 795 833 855 undique

161 861 211 915 sita,
229 876 280 907 curn
295 861 345 907 loco
355 861 533 923 inexpugnabilis
543 868 597 915 erat,
609 868 658 907 tum
667 859 796 922 praesidium
807 860 834 910 in

161 940 213 971 arce
229 925 333 978 validum,
351 925 525 986 praefectumque
538 926 635 987 praesidii
649 925 708 971 haud
721 938 775 971 sane
790 940 834 985 op*

160 990 550 1051 portunuminsidiantibuahabebat.
585 988 785 1042 LPinariuserat,
797 989 836 1039 vir

162 1068 220 1107 acer,
239 1061 261 1100 et
272 1054 310 1115 qui
320 1055 370 1116 plus
380 1054 403 1099 in
415 1070 449 1108 eo,
462 1069 491 1101 ne
501 1061 577 1116 posset
587 1054 665 1115 decipi,
676 1068 742 1115 quam
752 1052 835 1101 infide

161 1119 297 1172 Siculorum,
316 1126 446 1180 reponeret:
466 1126 490 1165 et
508 1126 556 1165 tum
574 1118 715 1165 intenderant
732 1132 785 1165 etun
804 1118 836 1168 ad

162 1184 256 1231 cavendi
273 1184 347 1230 omnia
363 1198 438 1229 curam
456 1190 491 1230 tot
509 1184 590 1231 auditae
605 1183 741 1245 proditiones
757 1180 837 1229 defee-

161 1248 281 1309 tionesque
299 1248 392 1301 urbium,
417 1256 440 1295 et
458 1248 531 1295 clades
550 1248 711 1310 praesidiorum.
750 1244 837 1307 Itaque

164 1319 231 1359 nocte
242 1313 321 1373 dieque
323 1314 390 1375 juxta
397 1320 473 1375 paratu
479 1313 631 1374 instructaque
641 1313 716 1359 omnia
725 1312 837 1362 custodiis

163 1377 284 1493 ertu
293 1377 838 1504 nitnbfflnsstfflffr

163 1521 218 1554 cum
238 1506 369 1553 Himilcone
387 1506 414 1553 de
431 1507 556 1569 proditione
574 1507 677 1569 praesidii,
694 1506 838 1553 animadver-

165 1578 247 1625 terunt,
257 1572 312 1617 nulli
320 1572 430 1619 occasioni
438 1571 521 1618 fraudis
529 1571 658 1619 Romanum
665 1577 748 1633 patere,
759 1570 838 1631 palam

165 1642 243 1685 rentur
253 1636 371 1698 agendum.
392 1643 407 1666 “
418 1636 504 1683 Urbem
511 1652 628 1697 arcemque
636 1651 683 1683 sure
691 1634 838 1697 potestatia,”

163 1700 236 1754 aiunt,
255 1708 271 1729 “
279 1701 358 1747 debere
365 1716 421 1754 erae,
434 1700 453 1747 ai
462 1701 525 1747 liberi
534 1702 559 1747 in
569 1702 705 1753 societatem,
717 1714 764 1751 non
774 1700 839 1749 servi

164 1765 189 1813 iu
201 1765 330 1818 custodiam,
347 1766 422 1811 traditi
432 1773 508 1811 essent
517 1765 636 1813 Romanis.
668 1764 749 1825 Itaque
759 1764 839 1814 claves

165 1836 279 1891 portarum
288 1830 348 1877 reddi
357 1827 422 1883 sibi‚''
433 1845 523 1891 aequum
534 1837 633 1879 censent.
661 1836 677 1859 “
685 1829 758 1876 Bonis
768 1830 841 1880 sociis

164 1894 235 1944 fidem
248 1910 312 1941 suam
321 1895 443 1941 maximum
458 1894 573 1941 vinculum
583 1910 645 1941 esse:
664 1901 687 1941 et
697 1894 729 1941 ita
737 1894 779 1941 ani
793 1910 841 1956 po·

165 1959 243 2021 pulum
260 1959 389 2007 Romanum
406 1966 552 2020 senatumque
567 1960 651 2021 gratias
664 1960 798 2013 habiturum,
815 1960 838 2006 ai

165 2022 275 2077 volentes,
287 2040 314 2071 ac
325 2038 370 2070 non
382 2024 459 2077 coacti,
471 2024 606 2071 mansissent
615 2024 639 2070 iri
649 2020 771 2071 amicitie!
794 2024 840 2073 Au

166 2102 194 2135 ca
209 2087 333 2141 Romanus,
353 2096 368 2118 ‘⁴
381 2088 411 2135 Se
421 2089 444 2133 in
455 2089 559 2151 praeaidio
568 2089 696 2151 impositum
709 2086 786 2141 eaec‚”
802 2088 840 2137 di-

167 2166 225 2205 cere,
245 2160 261 2181 ‘⁶
269 2154 295 2199 ab
313 2153 446 2213 imperatore
464 2169 518 2200 auo:
543 2154 662 2214 claveaque
678 2160 793 2214 portarurn
812 2161 840 2204 et

165 2217 291 2263 custodiam
309 2217 365 2263 arcis
382 2218 453 2265 abeo
470 2218 587 2279 accepisse,
604 2233 656 2278 quae
673 2232 716 2267 nec
734 2232 776 2263 auo
793 2232 841 2269 nec

168 2279 328 2329 Hennensium
346 2282 434 2328 arbitrio
451 2283 548 2337 haberet,
566 2282 605 2329 sed
615 2284 670 2344 ejus,
687 2282 726 2343 qui
741 2284 840 2329 commi-

165 2344 242 2399 sisset.
283 2344 391 2393 Praesidio
412 2347 518 2393 decedere
539 2348 597 2409 apud
617 2346 735 2395 Romanos
755 2348 841 2409 capital

167 2424 230 2457 esse:
249 2416 272 2457 et
289 2425 343 2457 nece
359 2410 477 2457 liberorum
496 2412 563 2459 etiam
582 2427 673 2460 suorum
691 2428 742 2459 eam
759 2412 841 2475 legem

165 2480 270 2535 parentes
280 2476 387 2524 euuxiare.
414 2474 537 2524 Consulem
548 2476 682 2525 Marcellum
690 2477 751 2523 haud
756 2480 840 2539 procul

166 2552 230 2586 esser
253 2538 281 2585 ad
298 2554 350 2585 eum
369 2540 484 2594 mitterent
499 2542 596 2604 legatoa,
613 2543 677 2604 cujus
690 2541 750 2604 Juria
767 2547 840 2602 atque

166 2601 249 2652 arbitrii
263 2602 349 2651 esset·”
383 2604 414 2652 Se
428 2620 482 2653 vero
492 2621 575 2669 negare
585 2605 616 2652 illi
626 2607 749 2663 missuroa3
765 2612 841 2653 testa-

166 2666 237 2727 rique,
254 2668 273 2715 ri
287 2669 361 2733 verbis
373 2668 430 2735 nihil
442 2678 544 2735 *agerent
561 2670 681 2723 muctam
695 2670 791 2737 utquam
807 2670 841 2722 Ji-
