1850 2917
218 265 249 322 T·
261 265 350 317 mvn
367 264 420 316 Ln·
432 264 530 317 XXVI.
550 264 610 319 Cu·
624 269 664 318 89·
729 271 774 322 toi

103 395 288 450 millisfermenb
298 397 547 458 urbestscriportum
556 394 635 442 obvius
642 392 691 447 fuit
710 393 777 445 Veiis

103 470 150 514 tum
168 462 238 517 forte,
262 461 400 524 improvidus
417 461 487 510 futuri
506 459 640 514 certaminis,
657 459 777 511 Romanus

102 529 219 578 veniebat:
234 526 274 577 ssd
281 527 340 574 circa
348 525 472 574 Crotonem
482 526 628 587 Sybarimque
636 524 777 586 suppleverat

102 592 197 654 remigio
208 606 286 645 neree
299 591 473 652 instructamque
483 598 507 637 et
517 597 626 638 onustam
634 589 726 651 egregie
735 605 778 652 pro

101 785 179 834 bostes
194 787 220 833 in
235 792 357 846 conspectu
369 782 439 838 fuere,
458 792 484 832 ut
498 785 526 832 sd
540 783 693 845 componenda
703 799 776 832 arms-
815 817 821 838 ,

102 858 185 904 menta,
204 850 412 911 expediendumque
425 849 533 910 remigem
548 863 575 896 sc
590 849 683 894 militem
695 847 724 894 ad
733 848 777 894 im-

102 916 191 966 minens
209 921 330 969 certamen,
349 915 402 964 satis
417 914 525 974 temporis
541 920 607 960 esset.
642 912 706 960 Raro
721 913 776 960 clia·

100 980 171 1056 tantis
180 978 264 1028 animis
267 980 336 1042 Justae
347 986 508 1026 concurrerunt
517 979 612 1026 classes:
632 976 714 1039 quippe
723 993 777 1025 curn

102 1044 776 1171 ffiibfflfflpfssdffliffiffiffi

102 1173 208 1225 inimum
223 1189 294 1236 prope
307 1189 398 1227 annum,
416 1188 490 1222 arcem
505 1173 571 1220 etiam
586 1172 718 1229 liberarem
736 1187 776 1234 spe

103 1245 243 1288 commeatus
254 1254 343 1302 quoque
352 1238 460 1291 hostibus,
478 1237 497 1283 si
507 1237 581 1284 navali
594 1237 675 1298 proelio
687 1251 777 1299 posses-

102 1303 188 1350 sionem
200 1304 270 1350 maris
279 1303 420 1357 ademissent,
432 1302 603 1350 interclusuros:
622 1301 729 1354 Romani,
741 1308 774 1354 ut,

13 1387 15 1426 ξ
105 1365 191 1420 retenti
210 1369 351 1430 pooessione
369 1369 433 1420 arcis,
457 1367 606 1420 ostenderent,
628 1381 674 1412 non
694 1367 717 1417 vi
736 1374 775 1414 sut

13 1431 14 1478 i
104 1434 193 1488 uirtute,
213 1433 387 1494 sedproditione
401 1431 505 1486 neforto,
522 1430 646 1478 Tarentum
657 1431 772 1478 emissum.

13 1503 14 1506 ’
106 1497 186 1559 Itaque
199 1513 230 1544 ex
242 1496 335 1558 utrique
348 1505 411 1559 parte
425 1497 492 1558 signo
502 1497 554 1548 dato
568 1510 620 1542 cum
631 1496 709 1542 reatris
719 1510 775 1542 cou-

105 1563 233 1615 currissent,
252 1577 324 1624 neque
334 1569 394 1610 retro
405 1577 485 1610 navem
496 1561 627 1612 inhiberent,
645 1574 687 1606 nec
702 1559 776 1607 dirimi

104 1629 131 1674 ab
145 1643 170 1675 se
184 1629 274 1674 hostem
289 1634 423 1689 paterentur,
441 1641 507 1687 quam
520 1626 570 1686 quis
579 1625 683 1686 indeptus
694 1639 774 1673 navem

105 1699 158 1748 ent,
175 1689 249 1740 ferreti
258 1689 339 1755 injecti
349 1706 431 1748 mauu;
447 1691 478 1738 ita
489 1691 635 1740 conserebant
645 1703 674 1736 ex
684 1689 776 1751 propiu-

104 1773 147 1818 quo
163 1771 273 1820 pugnam,
291 1765 316 1804 ut
333 1771 379 1802 non
396 1756 515 1802 missilibus
529 1764 623 1808 tantum,
642 1753 682 1802 sed
694 1754 775 1817 gladiis
805 1766 809 1772 ⁴

104 1823 170 1872 etism
184 1837 255 1884 prope
265 1821 346 1871 collato
357 1821 413 1882 pede
422 1829 538 1882 gereretur
548 1836 591 1866 res.
628 1819 706 1866 Prorae
716 1819 776 1867 inter

105 1903 128 1934 se
138 1889 226 1950 junotae
243 1887 364 1940 baerebsnt,
381 1901 466 1947 puppes
482 1885 554 1932 alieno
571 1883 665 1944 remigio
679 1884 776 1932 circum·

105 1953 241 2015 rgebsntur:
259 1951 291 1998 its
305 1952 329 1998 in
343 1957 405 1998 arcto
420 1951 508 2012 stipatae
521 1955 586 1996 erant
602 1961 677 1999 unsa,
695 1947 775 1993 utrix

105 2017 174 2067 ullum
190 2016 262 2064 telum
279 2016 302 2062 in
318 2016 374 2064 mari
391 2030 475 2062 vanum
493 2013 647 2060 intercideret:
664 2009 776 2062 frontibus

105 2083 167 2132 velut
180 2081 289 2143 pedestris
299 2081 358 2130 scies
367 2081 484 2142 urgebant,
501 2078 628 2140 perviaeque
637 2091 707 2124 naves
717 2091 776 2140 pugae

106 2143 211 2200 nantibus
225 2153 296 2192 erant.
332 2138 431 2207 Insignis
441 2151 518 2190 tamen
528 2144 586 2192 inter
596 2150 688 2190 ceteras
698 2156 776 2205 pugne

104 2212 148 2260 fuit
157 2210 259 2263 duarum,
277 2226 328 2271 quse
342 2207 420 2271 prirnae
434 2210 531 2271 agminis
545 2214 703 2257 concurrerant
716 2207 775 2254 iuter

107 2292 137 2326 ee.
174 2274 204 2321 In
217 2273 323 2322 Romami
336 2290 393 2322 nave
405 2275 453 2336 ipse
465 2273 572 2328 Quintius
583 2280 637 2320 erat.
652 2273 675 2318 in
687 2270 775 2317 Taren-

107 2339 153 2396 tini
166 2339 235 2393 Niso,
253 2340 290 2386 cui
304 2339 399 2386 Perconi
413 2339 456 2386 fuit
471 2352 606 2400 cognomen,
624 2351 669 2382 non
686 2333 775 2395 publico

107 2405 182 2460 modo,
201 2404 239 2452 sed
250 2404 337 2465 privato
348 2403 414 2448 etiem
426 2403 484 2454 odio,
501 2403 587 2448 invisus
600 2408 667 2459 etque
681 2396 776 2444 infestus

107 2469 231 2526 Romamn
248 2468 309 2528 quod
326 2467 374 2528 ejus
391 2465 494 2512 iectionis
510 2472 565 2516 erat,
583 2479 634 2523 quoe
650 2461 775 2510 Tarentum

108 2533 229 2582 Hannibali
247 2530 381 2594 prodiderat.
416 2529 464 2576 Hic
484 2529 610 2582 Quintium,
633 2525 699 2570 simul
717 2537 777 2584 pug-

106 2606 197 2652 nantem
205 2599 376 2654 hortantemque
384 2608 444 2645 suos,
456 2593 569 2638 incautum
577 2588 642 2636 hasti
649 2585 775 2647 transfigits

106 2661 143 2712 ille
157 2670 223 2723 etque
238 2673 339 2723 preceps
354 2672 406 2704 cum
422 2657 489 2702 armis
503 2654 598 2716 procidit
612 2659 665 2698 ante
678 2661 775 2711 proram·

107 2727 189 2774 Victor
206 2723 350 2774 Tarentinus,
368 2722 391 2767 in
406 2721 516 2769 turbatam
530 2719 588 2764 duce
600 2715 683 2762 amisso
697 2721 778 2756 mm

107 2792 203 2856 impigre
220 2797 382 2852 transgressus,
406 2799 458 2832 cuni
477 2781 627 2878 subripuisset
647 2777 731 2825 husten
754 2761 911 2878 ἢ.
