1850 2917
232 95 366 175 nmvrr
381 61 434 151 uis
448 103 534 151 xxx
554 103 614 153 cn.
630 91 671 154 m
741 110 790 165 ors

120 232 280 282 florentissima
294 242 361 281 aetas:
381 235 455 296 itaque
469 251 520 282 cum
535 235 610 289 modo,
628 237 730 284 dextram
744 250 794 287 am·

120 301 229 364 plectens,
253 299 276 344 in
296 299 324 352 id,
349 314 378 346 ne
397 301 435 352 cui
452 300 557 346 Romano
576 301 706 355 traderetur,
725 302 796 360 iidem

120 371 259 427 exposceret,
277 365 411 426 propiusque
425 365 541 410 blanditias
557 366 628 412 oratio
642 374 708 420 esset,
725 383 793 428 quarn

119 445 213 492 preces;
237 443 282 474 non
301 429 324 473 in
343 430 515 476 misericordiam
534 430 602 476 modo
621 431 736 492 prolapsus
757 441 792 479 est
863 442 867 451 “

120 497 196 542 onimu
226 493 325 546 victoris,
343 493 382 539 sed
402 495 438 556 (ut
457 501 492 540 est
509 509 582 556 genus
600 494 749 542 Numidarum
767 498 792 542 in

119 510 234 606 Veneh
246 556 355 619 praeceps)
368 573 443 604 amore
454 559 549 620 captivae
559 559 632 605 victor
643 566 727 620 captus,
742 558 793 607 dact

118 622 212 672 dexteri
231 623 253 667 in
273 623 296 668 id
318 623 378 682 quod
396 625 518 684 petebatur,
540 624 665 685 obligandos
683 624 741 676 fidei,
767 626 791 670 in

118 690 205 752 regiam
214 687 322 733 concedit.
349 685 434 733 Institit
445 688 524 733 deinde
535 695 637 748 reputare
647 703 723 734 secum
734 689 794 749 ipse,

118 749 306 815 quemadmodum
321 753 424 812 promissi
434 751 501 798 fidem
511 760 641 812 proeataret:
663 753 723 812 quod
738 769 790 799 cum

117 817 223 880 expedire
238 830 283 862 non
294 823 376 877 posset,
394 817 421 862 ab
432 831 509 862 amore
518 817 660 862 temerarium
671 825 737 877 atque
747 819 790 868 irn-

116 884 205 946 pudens
219 887 334 926 mutuatur
348 881 473 926 consilium.
508 879 605 942 Nuptias
615 881 639 926 in
650 897 702 928 eum
715 882 790 942 ipsum

117 950 177 995 diem
189 953 279 1007 repente
289 945 360 1006 parari
367 946 438 1005 jubet,
457 946 548 1005 nequid
563 945 697 1005 relinqueret
707 946 790 1008 integri

113 1020 157 1062 aut
168 1011 248 1064 Laelio,
267 1018 304 1056 aut
315 1010 357 1070 ipsi
369 1010 474 1070 Scipioni,
489 1009 618 1055 consulendi
630 1010 725 1057 velutin
735 1026 788 1072 cap-

113 1080 195 1130 tivam,
207 1091 258 1136 quae
270 1075 451 1135 Masinissaejam
463 1081 533 1134 nupta
542 1073 606 1119 soret.
643 1074 719 1120 Factis
729 1089 787 1136 nup-

115 1139 154 1190 tiis
170 1140 297 1203 supervenit
309 1137 407 1184 Laeiius:
426 1146 449 1184 et
460 1138 516 1184 adeo
526 1152 572 1184 non
583 1138 729 1185 dissimulavit
743 1140 789 1192 im·
799 1132 801 1136 ’

76 1217 79 1230 ⁴
114 1209 208 1268 probare
222 1221 246 1251 se
258 1203 350 1258 factum,
369 1211 394 1248 ut
404 1204 476 1265 primo
486 1203 560 1256 etiam,
579 1218 630 1249 cum
646 1204 749 1264 Syphace
762 1212 787 1251 et

112 1273 203 1322 caeteris
217 1269 317 1330 captivis,
335 1268 456 1314 detractam
472 1283 521 1314 eam
536 1273 586 1313 toro
601 1269 684 1329 geniali
698 1269 788 1317 mittere

112 1339 142 1385 ad
162 1335 288 1396 Scipionem
308 1341 401 1380 conatus
421 1333 461 1378 sit:
488 1332 561 1378 victua
582 1331 661 1378 deinde
681 1335 784 1394 precibus

113 1401 243 1450 Masinissae
259 1398 349 1451 orantis,
368 1405 393 1443 ut
407 1397 528 1449 arbitrium,
546 1397 618 1444 utrius
632 1413 711 1458 regum
728 1397 786 1444 duo-

111 1481 163 1525 rum
171 1465 269 1511 fortunae
280 1463 377 1509 accessio
390 1462 529 1524 Sophonisba
539 1468 605 1515 esset,
618 1461 646 1507 ad
656 1462 783 1522 Scipionem

109 1532 227 1586 re'iceret;
244 1528 312 1574 misso
330 1527 433 1588 Syphace
449 1533 474 1572 et
487 1526 590 1586 captivis,
608 1533 701 1573 caeteraa
718 1528 783 1577 urbes

109 1549 235 1646 meidiae,
253 1608 303 1652 quae
313 1591 422 1653 praesidiis
433 1590 501 1652 regiis
511 1592 648 1645 tenebantur,
665 1591 784 1654 adjuvante

108 1656 240 1711 Masinissi,
253 1658 336 1718 recipit.
765 1688 771 1706 ,

144 1722 217 1771 XIII.
239 1723 362 1784 Syphacem
375 1721 397 1766 in
409 1728 482 1766 castra
492 1719 577 1773 adduci,
590 1735 641 1767 cum
652 1727 712 1767 esset
722 1735 787 1773 num,

107 1791 197 1841 tiatum,
216 1787 296 1840 omnis,
314 1786 413 1833 velutad
425 1784 576 1846 spectaculum
591 1785 705 1846 triumphi,
722 1787 781 1832 mul·

106 1855 182 1903 titudo
197 1851 266 1899 effusa
283 1859 324 1898 est.
360 1849 505 1896 Praecedebat
518 1850 566 1909 ipse
580 1850 685 1906 vinetum
701 1864 780 1910 seque.

106 1923 173 1968 batur
192 1932 249 1980 grex
268 1909 374 1963 nobilium
392 1913 550 1960 Numidarum·
585 1912 653 1966 Tum,
672 1921 779 1974 quantum

105 1987 204 2047 quisquc
211 1982 330 2044 plurimum
338 1986 420 2042 posset,
430 1978 579 2041 magnitudini
587 1978 704 2040 Syphacis,
711 1977 788 2028 famae,

105 2049 190 2114 gentis,
208 2047 324 2093 victoriam
346 2060 409 2091 surm
424 2044 542 2106 augendo,
559 2043 664 2090 uddebut:
688 2043 789 2100 “illum

103 2131 157 2163 esse
167 2127 252 2174 regem,
270 2113 336 2174 cujus
348 2117 435 2156 tantum
450 2108 560 2170 mqjestati
574 2108 618 2154 duo
629 2108 785 2169 potentissimi,

104 2182 130 2226 in
149 2178 214 2225 terris
232 2176 348 2222 tribuerint
366 2174 449 2236 popuii,
467 2173 585 2220 Romanus
605 2171 778 2234 Carthaginien·

104 2246 189 2305 sisque,
207 2249 233 2288 ut
250 2241 323 2302 Scipio
339 2240 459 2301 imperator
476 2254 530 2284 suus
548 2238 576 2284 ad
592 2237 711 2284 amicitiam
723 2238 783 2299 qius,
859 2268 862 2272 ι

101 2308 230 2372 petendam,
255 2302 331 2352 relicti
355 2300 471 2366 provinciis
492 2300 603 2364 Hispaniis
624 2301 787 2362 exercituque„

102 2374 190 2422 duabus
201 2369 394 2432 quinqueremibus
405 2369 428 2413 in
437 2366 538 2413 Africam
546 2366 698 2428 navigaveritz
713 2364 785 2419 Has-5
855 2422 858 2430 Ι

101 2438 189 2491 (tr-ubal,
208 2435 332 2482 Poenorum
347 2434 473 2494 imperator,
491 2445 538 2476 nou
547 2431 595 2492 ipse
606 2431 673 2478 modo
684 2431 712 2477 ad
722 2445 787 2482 eum,

100 2507 125 2552 iu
145 2516 240 2564 regnum
257 2499 351 2551 venerit,
370 2497 409 2544 sed
423 2497 490 2542 ctIam
506 2494 612 2541 iiiiamei
626 2503 721 2556 nuptum
735 2495 776 2541 de-

98 2569 167 2620 defit·
204 2565 317 2612 Habuisse
328 2577 380 2608 eum
391 2575 436 2607 uno
447 2559 582 2622 temporeiu
593 2566 712 2621 potestate,
719 2559 783 2611 duos,

96 2627 253 2696 superatores,
271 2629 369 2678 Poenum
384 2622 566 2684 Romanumque.
602 2623 667 2674 Sicut
680 2625 708 2672 ab
721 2621 775 2672 Diis

130 2709 234 2747 vanui·
279 2739 288 2757 ,
501 2692 544 2736 2⁸
