1850 2917
175 145 223 198 tro
280 147 483 198 T.LIVIIL11.
498 146 595 197 XXVI.
614 145 675 198 car.
688 150 728 195 46.

173 293 224 340 que,
240 295 292 326 cum
304 294 404 327 summus
415 280 509 341 quisque
522 279 617 327 evadas
631 293 678 324 non
691 283 775 340 posset,
792 277 847 324 sub-

173 345 232 390 irent
242 349 318 392 tamen
329 345 372 399 alii,
389 360 457 391 onere
470 346 520 406 ipso
534 344 700 406 frangebantur·
736 342 844 396 Quidam,

174 409 283 456 stantibus
299 410 370 463 seniis,
385 425 436 456 curn
454 410 548 456 altitudo
564 409 682 471 uitliginem
698 408 770 454 oculis
787 405 846 454 otiis·

173 473 249 528 disset,
266 475 294 520 ad
308 483 389 522 terram
402 475 469 521 delati
487 481 547 520 sunt.
581 471 684 520 Etcum
702 473 788 534 psssim
803 473 846 519 tro-

173 539 246 588 mines
260 539 368 601 scalaeque
383 546 480 593 ruerent,
496 548 519 586 et
533 541 582 601 ipso
593 553 698 588 sucoessu
708 537 801 585 audacis
811 543 846 583 st·

173 617 218 665 que
228 603 328 652 alacritas
341 605 439 651 hostiurn
454 612 571 657 cresceret,
586 604 676 666 signum
691 603 792 666 rmeptui
807 602 846 649 ds·

173 675 222 715 tum
237 675 288 726 est;
305 669 365 730 quod
379 685 441 731 spem
459 683 505 714 non
521 669 639 730 praeseutis
652 668 721 714 modo
736 669 765 714 ab
781 673 846 714 tauto

173 735 294 781 certamine
304 749 330 780 sc
341 735 415 780 labore
423 735 504 795 qnietis
514 733 617 786 obsessis,
630 733 669 779 ssd
679 733 746 779 etism
757 733 782 779 in
791 747 846 795 pos·

173 805 246 845 terum
262 797 328 852 dedit,
345 797 409 845 scalis
422 806 446 845 et
460 797 544 844 corond
554 799 602 860 capi
613 798 690 844 urbem
701 811 747 842 non
758 811 827 859 posse
837 813 844 843 r

173 875 241 926 opera
248 870 271 910 et
282 863 378 910 difficilis
389 879 445 916 esse,
459 869 483 909 et
493 869 582 924 ternpus
589 863 674 916 datura,
686 862 714 909 sd
728 861 848 909 serenum

173 940 246 990 opem,
263 928 430 990 imperatoribus
448 928 501 974 suis.
535 925 584 973 Vix
594 927 655 989 prior
667 927 777 973 tumultus
790 941 849 973 con·

173 991 274 1044 tinuerst,
287 1007 338 1038 cum
351 993 425 1054 Scipio
436 993 462 1039 sb
473 992 564 1039 defessis
574 993 622 1055 jam
633 992 800 1052 vulneratisque
810 1007 849 1039 re·

173 1063 251 1104 sentes
260 1057 405 1120 integrosque
421 1057 476 1104 alios
491 1058 591 1118 accipere
608 1057 678 1104 sosias
690 1057 761 1118 jubet,
780 1060 804 1103 et
822 1055 847 1104 vi

173 1135 259 1233 titt
267 1119 644 1250 stiti‚”;i{t·,ittt,i,3
653 1127 845 1241 iffi&

174 1251 234 1298 nnnc*
251 1252 337 1298 levibus
353 1251 446 1312 cymbis,
466 1267 533 1304 nunc,
553 1250 591 1298 ubi
607 1267 641 1298 eae
655 1251 759 1303 siderent,
780 1250 847 1298 vadis

173 1311 307 1378 pervagatos
318 1323 430 1378 stagnum,
442 1323 581 1378 compertum
591 1317 690 1369 habehat,
701 1315 790 1362 fsciiem
803 1331 847 1378 ps-

173 1379 237 1427 dibus
254 1381 282 1428 sd
296 1394 385 1428 murum
398 1381 516 1428 transitum
535 1380 590 1436 dari,
608 1397 636 1428 eo
650 1396 727 1428 seeum
745 1389 847 1428 umatus

173 1445 244 1492 duxit.
280 1445 384 1506 Medium
398 1445 469 1493 tenne
483 1447 526 1493 diei
538 1454 599 1494 erat:
618 1454 642 1494 et
652 1445 719 1499 adid,
732 1445 793 1506 quod
803 1441 847 1494 sut

173 1518 254 1572 sponte
270 1511 362 1558 cedente
372 1511 395 1557 in
412 1527 474 1558 mare
491 1520 549 1560 aestu
567 1510 693 1558 trahebatur
710 1525 773 1572 squa,
791 1524 847 1558 seer

173 1577 240 1622 etiam
256 1576 390 1639 Septemtrio
406 1584 469 1624 ortus
486 1577 616 1624 inclinatum
633 1583 738 1638 stagnum
754 1575 844 1630 eodem,

173 1655 218 1702 quo
230 1647 306 1694 aestus,
317 1640 408 1696 ferebat,
424 1649 447 1689 et
459 1641 515 1689 adeo
533 1641 655 1689 nudaverat
668 1641 732 1693 sads,
751 1647 777 1686 ut
793 1638 848 1688 asti

173 1701 277 1751 umbilico·
288 1712 354 1752 tenus
364 1721 420 1768 squs
431 1715 497 1762 esset,
509 1705 559 1754 aiibi
573 1721 648 1770 genus
663 1706 703 1753 vix
719 1711 843 1768 superaret.

172 1763 236 1822 Hoc,
254 1767 307 1816 curi
321 1785 347 1817 sc
364 1772 449 1818 ratione
466 1788 479 1818 e
605 1804 611 1826 ‚
630 1772 654 1817 in
688 1769 799 1832 rodigium
817 1784 846 1818 sc

173 1831 240 1881 Deos
250 1843 340 1882 vertens
352 1833 433 1897 S‘cipio,
445 1837 484 1898 qui
533 1837 651 1885 transitum
698 1834 770 1881 manis
780 1848 846 1882 mare

172 1907 293 1955 verterent,
303 1908 326 1948 et
339 1907 419 1964 stagno
431 1898 550 1956 auferrent,
563 1903 655 1964 viasque
664 1907 717 1947 ante
790 1914 845 1948 uam

172 1959 240 2012 initas
252 1965 350 2012 humano
364 1963 460 2028 vestigio
477 1969 594 2029 aperirent,
610 1914 846 2029 Neptunummilrism

173 2029 253 2098 ducem
272 2027 356 2078 itineris
375 2029 444 2092 sequi,
465 2035 492 2076 tc
510 2031 583 2080 medio
601 2037 682 2095 stagno
814 2026 845 2077 sd

174 2095 268 2141 moenis.

205 2153 299 2222 XLVI.
318 2156 356 2206 Ab
366 2156 426 2206 terri
435 2159 516 2222 ingens
525 2159 587 2208 labor
597 2159 765 2209 suecedsnums
774 2166 841 2207 mut:

172 2233 214 2268 nec
233 2221 348 2271 altitudine
366 2229 454 2270 tantum
472 2224 580 2272 nroenium
598 2224 780 2288 impediebantur,
802 2223 845 2272 sed

172 2286 232 2346 quod
242 2293 320 2334 euntes
331 2287 359 2334 ad
369 2288 476 2351 ancipites
487 2291 597 2351 utrimque
611 2291 669 2337 ictus
680 2289 792 2353 subjectos
801 2289 844 2337 bs-

171 2345 252 2397 bebnnt
269 2349 401 2409 Romnnos3
424 2360 450 2400 ut
470 2353 540 2402 isters
556 2353 672 2402 infestiora
687 2351 843 2409 nabetmtibus,

171 2423 238 2483 quam
248 2413 341 2462 adversa
350 2431 450 2478 snrpurs,
463 2428 544 2468 essent.
573 2419 607 2466 At
617 2420 714 2482 partein
723 2417 845 2480 aliiqsdn-

171 2477 246 2538 gentis
260 2486 283 2524 et
350 2487 455 2542 stagnum
468 2483 539 2531 insilis
551 2484 663 2538 transitus,
680 2484 739 2531 etin
750 2483 845 2531 muruni

172 2537 292 2608 istiseenstss
311 2539 354 2591 nde
363 2541 419 2592 suit:
438 2560 490 2594 nam
502 2564 574 2612 nsque
584 2565 651 2628 opere
660 2547 774 2596 emunitus
785 2553 845 2604 ersi,
863 2558 867 2565 ’

172 2609 198 2650 ut
209 2602 245 2674 ubi
256 2607 324 2672 ipsius
339 2606 383 2656 loci
402 2623 428 2657 se
444 2615 518 2676 stagni
537 2614 640 2678 presidio
659 2614 712 2662 sstis
731 2610 845 2661 creditum
912 2636 913 2659 1

171 2665 846 2744 torsttruscultssrrntornnsntiostnsnusssdisoppo·
