1850 2917
166 159 215 207 4oe
278 153 308 204 T·
321 151 409 204 LIVII
425 151 478 201 Lu.
492 150 576 200 XXX.
596 150 656 202 Cur.
669 154 711 201 88.

171 285 305 334 morire:
324 284 384 330 urhis
400 297 426 330 ac
441 281 553 345 iorijars,
568 283 637 344 leges,
653 297 736 337 mores,
747 296 835 330 vosme

173 357 262 413 oportet
272 346 401 396 'doceatis-'⁹
433 345 549 394 Excusati
566 345 722 408 impudentis,
739 347 767 393 de
780 363 837 408 paoe

173 416 250 462 multis
258 414 330 460 verbis
340 412 449 464 disseruit,
461 427 527 472 quam
538 425 580 456 nec
587 411 668 470 iniqua,
680 419 704 457 et
715 412 837 457 necesmrIa

175 485 242 527 esset.
273 476 300 523 ld
311 477 409 524 omnium
421 476 518 521 maxime
528 475 616 521 difficile
626 482 681 528 erat,
690 477 750 536 quod
760 490 838 521 exna-

176 545 240 592 vibus
250 557 289 604 per
299 541 398 587 inducias
409 541 478 601 captis
489 539 550 593 nihil,
562 545 645 600 preter
655 540 715 600 ipsas
726 553 839 600 compare-

174 610 214 655 hut
225 621 306 662 narem
322 619 394 666 neque
402 604 516 664 inquisitio
526 610 574 649 erat
582 602 661 656 facilis,
673 603 841 650 adversantibus

177 672 233 734 psci,
245 669 283 731 qni
298 675 449 732 arguerentur.
480 667 568 714 Placuit
585 681 654 712 naves
670 669 740 722 reddi,
760 675 784 714 et
799 669 840 712 ho-

178 737 250 782 miues
264 735 339 794 utique
355 732 442 793 inquiri.
472 729 569 785 Cetera,
586 746 638 791 quae
654 733 765 784 abessent,
780 732 841 777 aesti-

179 800 260 846 manda
279 797 375 860 Scipioni
393 796 506 858 permitti:
531 803 597 855 atque
613 795 645 841 ita
664 795 761 857 pecunii
780 796 842 842 luere
914 792 915 795 ’

181 862 384 924 Carthaginienses.
414 861 479 908 Sunt.
495 860 533 920 qui
544 857 695 905 Hannibalem
708 874 739 906 ex
754 860 802 906 acie
814 859 843 905 sd

180 942 241 973 mare
253 926 386 987 pervenisse,
402 923 453 969 inde
463 921 586 984 praeparati
599 924 693 970 naread
703 939 782 986 regem
793 925 843 970 An-

180 992 278 1038 tiochum
294 988 405 1049 extempio
416 986 541 1048 proiectum
559 986 658 1032 tradant:
677 989 843 1049 postulantique

181 1061 233 1102 ante
246 1053 320 1100 omnia
333 1051 437 1112 Scipioni,
449 1058 475 1096 ut
486 1049 599 1096 Hannibal
610 1051 649 1096 sibi
661 1053 794 1106 traderetur,
809 1067 845 1097 re-
915 1048 916 1079 ³

181 1133 286 1182 sponsum
297 1131 353 1168 esse,
366 1113 515 1160 Hannibalem
525 1114 549 1159 in
560 1111 637 1160 Africi
647 1129 693 1160 non
704 1131 762 1162 esse
915 1130 916 1135 ¹

215 1177 365 1227 XXXVIII.
385 1177 508 1238 Postquam
516 1178 626 1223 redierunt
636 1179 665 1224 ad
672 1179 802 1241 Scipionem
812 1181 845 1227 le·

181 1247 244 1308 gati3
261 1259 311 1306 quae
320 1243 408 1305 publica
416 1243 440 1288 in
451 1242 544 1288 navrhus
553 1241 647 1295 fuerant,
658 1258 689 1288 ex
698 1245 792 1304 pubhcis
807 1245 845 1291 de-
915 1240 916 1299 ζ

183 1311 265 1370 scripta
282 1307 401 1354 rationibus
418 1313 556 1366 quaestorem
572 1321 623 1365 quae
636 1307 729 1367 privata,
746 1308 846 1370 profiteri
915 1308 916 1339 l

184 1372 346 1435 dominiJussiq
361 1385 402 1432 pro
413 1367 440 1416 ei
450 1367 537 1416 summi
546 1370 646 1431 pecuniae
655 1371 738 1432 uiginti
749 1375 846 1434 quinque

185 1437 254 1485 millia
271 1435 346 1498 pondo
361 1435 447 1496 argenti
463 1434 580 1495 praesentia
596 1441 686 1480 exacta:
706 1436 846 1497 induuaeqne

186 1499 405 1562 Carthaginiensibus
417 1497 477 1544 datae
493 1498 579 1544 intres
597 1512 692 1548 meum.
727 1501 845 1556 Additum,
916 1502 917 1523 r

186 1581 215 1612 ne
222 1581 262 1628 per
269 1564 405 1612 induciarum
411 1569 499 1622 tempus
506 1562 548 1608 alio
555 1577 654 1622 usquam,
664 1579 731 1624 quam
738 1564 845 1619 Romam,

185 1631 299 1677 mitterent
309 1628 409 1689 legatos:
425 1633 454 1679 et,
467 1626 599 1687 quicumque
608 1627 676 1688 legun·
685 1626 846 1692 0⁸stth
916 1650 917 1659 ,

185 1694 306 1745 venissent,
318 1706 347 1737 ne
361 1697 412 1736 ante
424 1690 562 1736 dimitterent
574 1705 619 1744 eos,
633 1705 700 1750 quam
715 1692 847 1740 Romnum
916 1704 917 1743 p

186 1758 348 1818 imperatorem,
360 1755 404 1815 qui,
416 1761 440 1800 et
449 1769 502 1814 quse
515 1761 616 1815 petentes
629 1757 751 1810 venissent,
768 1759 848 1805 certio-

188 1837 234 1867 rem
250 1821 354 1866 fnoerent.
385 1817 444 1865 Cum
461 1818 542 1879 legatis
558 1816 782 1880 Carthaginiensibus
798 1822 849 1869 Ro-

188 1901 247 1932 mam
262 1883 323 1930 missi
337 1881 365 1928 L.
375 1880 483 1928 Veturius
494 1880 566 1935 Philo,
580 1889 603 1928 et
614 1882 650 1929 Μ.
660 1883 764 1931 Marcius
774 1885 846 1940 Ralla,

188 1957 211 1996 et
223 1947 250 1994 L.
265 1947 346 2009 Scipio,
366 1946 504 2024 imperatoris
519 1945 594 1993 irater.
623 1945 669 1993 Per
678 1961 718 1995 eos
728 1949 777 1996 (lies
787 1966 850 1996 corn-

188 2020 274 2060 meatus
290 2025 319 2058 ex
336 2009 411 2058 Sicilia
426 2008 570 2070 Sardiniique
583 2017 668 2057 tantam
685 2013 795 2060 vilitatem
810 2030 849 2060 an-

188 2091 255 2123 nonae
265 2075 392 2128 effecerunt,
404 2081 429 2119 ut
439 2089 480 2136 pro
490 2072 581 2120 vecturis
590 2073 726 2121 frumentum
739 2086 849 2125 mereator
916 2092 917 2095 ’

189 2141 263 2187 nautis
274 2140 411 2199 rehnqueret.
442 2137 532 2191 Romae,
548 2139 575 2183 ad
589 2140 692 2185 nuntium
705 2141 804 2202 primurn
814 2159 849 2189 re-

187 2203 288 2252 bellionis
297 2202 521 2263 Carthaginiensium,
530 2203 661 2264 trepidatum
667 2203 740 2250 fuerat
745 2222 754 2262 3
762 2207 850 2267 jussum

189 2283 233 2330 que
241 2275 288 2313 erat
298 2266 334 2312 Ti.
349 2263 455 2312 Claudius
465 2271 552 2311 mature
562 2265 585 2310 in
596 2267 693 2313 Siciliam
704 2269 799 2316 classem
810 2271 850 2317 du-

190 2347 248 2383 cere,
260 2337 327 2389 atque
337 2327 388 2373 inde
397 2329 421 2372 in
432 2328 534 2375 Africam
543 2331 658 2392 trajicere3
674 2339 698 2378 et
708 2333 765 2378 alter
771 2337 851 2382 consul

190 2394 227 2440 Μ.
239 2392 345 2439 Servilius
355 2391 383 2436 ad
396 2391 481 2438 Urbem
491 2394 579 2447 morari,
590 2394 669 2449 donec,
684 2410 730 2456 quo
741 2405 802 2444 statu
816 2415 850 2445 res

189 2457 213 2500 in
225 2453 302 2500 Africi
312 2461 393 2508 essent,
412 2457 511 2502 sciretur.
539 2457 644 2519 segniter
659 2460 736 2506 omnia
750 2461 775 2506 in
790 2477 850 2509 conr-

188 2515 287 2626 parandi
300 2517 471 2578 deducendique
484 2521 555 2566 classe
568 2523 596 2567 sb
606 2521 643 2567 Tr.
652 2521 749 2570 Claudio
759 2529 851 2574 consule

199 2587 248 2625 acta
258 2586 333 2635 erant;
350 2582 410 2640 quod
421 2580 500 2638 Patres
509 2584 537 2630 de
546 2599 601 2646 pace
612 2586 722 2648 Scipionis
731 2590 806 2650 potius
816 2606 850 2637 sr-

188 2643 278 2692 hitrium
292 2657 347 2698 esse,
364 2645 442 2706 qruhus
457 2646 545 2708 tegnas
558 2649 654 2707 daretur,
666 2666 734 2712 quam
744 2655 848 2710 consulis,
