<?xml version="1.0" encoding="UTF-8"?>
<!DOCTYPE html PUBLIC "-//W3C//DTD XHTML 1.0 Transitional//EN"
    "http://www.w3.org/TR/xhtml1/DTD/xhtml1-transitional.dtd">
<html xmlns="http://www.w3.org/1999/xhtml" xml:lang="en" lang="en">
 <head>
  <title>
</title>
<meta http-equiv="Content-Type" content="text/html;charset=utf-8" />
  <meta name='ocr-system' content='tesseract 3.04.00' />
  <meta name='ocr-capabilities' content='ocr_page ocr_carea ocr_par ocr_line ocrx_word'/>
</head>
<body>
  <div class='ocr_page' id='page_1' title='image "./tliviipatavinih03caregoog_0162.png"; bbox 0 0 1850 2917; ppageno 0'>
   <div class='ocr_carea' id='block_1_1' title="bbox 162 199 714 260">
    <p class='ocr_par' dir='ltr' id='par_1_1' title="bbox 162 199 714 260">
     <span class='ocr_line' id='line_1_1' title="bbox 162 199 714 260; baseline -0.014 -6"><span class='ocrx_word' id='word_1_1' title='bbox 162 205 209 254; x_wconf 79' lang='lat' dir='ltr'><strong>iss</strong></span> <span class='ocrx_word' id='word_1_2' title='bbox 271 201 300 255; x_wconf 82' lang='lat' dir='ltr'><strong>T.</strong></span> <span class='ocrx_word' id='word_1_3' title='bbox 315 199 403 260; x_wconf 81' lang='lat' dir='ltr'><strong>LlVlI</strong></span> <span class='ocrx_word' id='word_1_4' title='bbox 420 202 473 250; x_wconf 85' lang='lat' dir='ltr'><strong>Lm.</strong></span> <span class='ocrx_word' id='word_1_5' title='bbox 485 199 583 251; x_wconf 78' lang='lat' dir='ltr'>XXVI.</span> <span class='ocrx_word' id='word_1_6' title='bbox 602 200 663 252; x_wconf 81' lang='lat' dir='ltr'><strong>Car.</strong></span> <span class='ocrx_word' id='word_1_7' title='bbox 673 203 714 248; x_wconf 85' lang='lat' dir='ltr'><strong>st.</strong></span> 
     </span>
    </p>
   </div>
   <div class='ocr_carea' id='block_1_2' title="bbox 144 329 833 2590">
    <p class='ocr_par' dir='ltr' id='par_1_2' title="bbox 144 329 833 2590">
     <span class='ocr_line' id='line_1_2' title="bbox 157 329 832 396; baseline 0.001 -18"><span class='ocrx_word' id='word_1_8' title='bbox 157 332 256 396; x_wconf 79' lang='lat' dir='ltr'><strong>petiique</strong></span> <span class='ocrx_word' id='word_1_9' title='bbox 271 334 337 394; x_wconf 78' lang='lat' dir='ltr'><strong>buJus</strong></span> <span class='ocrx_word' id='word_1_10' title='bbox 352 333 432 380; x_wconf 86' lang='lat' dir='ltr'><strong>oblitus</strong></span> <span class='ocrx_word' id='word_1_11' title='bbox 446 347 505 386; x_wconf 87' lang='lat' dir='ltr'><strong>sum,</strong></span> <span class='ocrx_word' id='word_1_12' title='bbox 522 331 602 380; x_wconf 87' lang='lat' dir='ltr'><strong>Patres</strong></span> <span class='ocrx_word' id='word_1_13' title='bbox 617 329 744 392; x_wconf 70' lang='lat' dir='ltr'>conscripti,</span> <span class='ocrx_word' id='word_1_14' title='bbox 760 335 794 382; x_wconf 73' lang='lat' dir='ltr'><strong>ut.</strong></span> <span class='ocrx_word' id='word_1_15' title='bbox 811 330 832 379; x_wconf 81' lang='lat' dir='ltr'><strong>ai</strong></span> 
     </span>
     <span class='ocr_line' id='line_1_3' title="bbox 158 397 831 459; baseline -0.006 -13"><span class='ocrx_word' id='word_1_16' title='bbox 158 397 186 446; x_wconf 86' lang='lat' dir='ltr'><strong>de</strong></span> <span class='ocrx_word' id='word_1_17' title='bbox 197 413 248 444; x_wconf 87' lang='lat' dir='ltr'><strong>meo</strong></span> <span class='ocrx_word' id='word_1_18' title='bbox 260 397 352 444; x_wconf 85' lang='lat' dir='ltr'><strong>crimine</strong></span> <span class='ocrx_word' id='word_1_19' title='bbox 362 398 519 459; x_wconf 77' lang='lat' dir='ltr'>ambigeretur,</span> <span class='ocrx_word' id='word_1_20' title='bbox 530 397 611 444; x_wconf 88' lang='lat' dir='ltr'><strong>consul</strong></span> <span class='ocrx_word' id='word_1_21' title='bbox 620 397 720 443; x_wconf 67' lang='lat' dir='ltr'><strong>duma</strong></span> <span class='ocrx_word' id='word_1_22' title='bbox 730 409 831 447; x_wconf 85' lang='lat' dir='ltr'><strong>oausam,</strong></span> 
     </span>
     <span class='ocr_line' id='line_1_4' title="bbox 158 459 830 521; baseline -0.004 -12"><span class='ocrx_word' id='word_1_23' title='bbox 158 463 313 510; x_wconf 71' lang='lat' dir='ltr'><strong>accusantibus</strong></span> <span class='ocrx_word' id='word_1_24' title='bbox 333 463 429 514; x_wconf 82' lang='lat' dir='ltr'><strong>Graecis,</strong></span> <span class='ocrx_word' id='word_1_25' title='bbox 440 461 539 512; x_wconf 77' lang='lat' dir='ltr'><strong>,fuerim</strong></span> <span class='ocrx_word' id='word_1_26' title='bbox 562 462 621 508; x_wconf 81' lang='lat' dir='ltr'><strong>‘Sed</strong></span> <span class='ocrx_word' id='word_1_27' title='bbox 638 475 691 514; x_wconf 89' lang='lat' dir='ltr'><strong>non,</strong></span> <span class='ocrx_word' id='word_1_28' title='bbox 712 459 766 520; x_wconf 89' lang='lat' dir='ltr'><strong>quid</strong></span> <span class='ocrx_word' id='word_1_29' title='bbox 784 474 830 521; x_wconf 78' lang='lat' dir='ltr'><strong>ego</strong></span> 
     </span>
     <span class='ocr_line' id='line_1_5' title="bbox 157 524 831 588; baseline -0.006 -14"><span class='ocrx_word' id='word_1_30' title='bbox 157 525 257 580; x_wconf 79' lang='lat' dir='ltr'><strong>fecerim,</strong></span> <span class='ocrx_word' id='word_1_31' title='bbox 273 528 296 574; x_wconf 90' lang='lat' dir='ltr'><strong>in</strong></span> <span class='ocrx_word' id='word_1_32' title='bbox 312 527 487 587; x_wconf 71' lang='lat' dir='ltr'><strong>disquisitionem</strong></span> <span class='ocrx_word' id='word_1_33' title='bbox 498 526 566 580; x_wconf 84' lang='lat' dir='ltr'><strong>veuit,</strong></span> <span class='ocrx_word' id='word_1_34' title='bbox 583 541 649 588; x_wconf 89' lang='lat' dir='ltr'><strong>quam</strong></span> <span class='ocrx_word' id='word_1_35' title='bbox 664 525 720 586; x_wconf 89' lang='lat' dir='ltr'><strong>quid</strong></span> <span class='ocrx_word' id='word_1_36' title='bbox 732 524 771 571; x_wconf 89' lang='lat' dir='ltr'><strong>isti</strong></span> <span class='ocrx_word' id='word_1_37' title='bbox 784 524 831 585; x_wconf 85' lang='lat' dir='ltr'><strong>pati</strong></span> 
     </span>
     <span class='ocr_line' id='line_1_6' title="bbox 159 589 829 652; baseline -0.01 -12"><span class='ocrx_word' id='word_1_38' title='bbox 159 591 289 640; x_wconf 80' lang='lat' dir='ltr'><strong>debuerint:</strong></span> <span class='ocrx_word' id='word_1_39' title='bbox 307 592 345 652; x_wconf 89' lang='lat' dir='ltr'><strong>qui</strong></span> <span class='ocrx_word' id='word_1_40' title='bbox 360 591 379 638; x_wconf 90' lang='lat' dir='ltr'><strong>si</strong></span> <span class='ocrx_word' id='word_1_41' title='bbox 394 605 440 637; x_wconf 89' lang='lat' dir='ltr'><strong>non</strong></span> <span class='ocrx_word' id='word_1_42' title='bbox 453 591 545 639; x_wconf 82' lang='lat' dir='ltr'><strong>fuerunt</strong></span> <span class='ocrx_word' id='word_1_43' title='bbox 559 592 641 645; x_wconf 78' lang='lat' dir='ltr'><strong>boatus,</strong></span> <span class='ocrx_word' id='word_1_44' title='bbox 657 590 713 635; x_wconf 87' lang='lat' dir='ltr'><strong>nibil</strong></span> <span class='ocrx_word' id='word_1_45' title='bbox 726 589 829 642; x_wconf 83' lang='lat' dir='ltr'><strong>interest,</strong></span> 
     </span>
     <span class='ocr_line' id='line_1_7' title="bbox 158 653 831 718; baseline -0.007 -14"><span class='ocrx_word' id='word_1_46' title='bbox 158 671 227 710; x_wconf 89' lang='lat' dir='ltr'><strong>nunc,</strong></span> <span class='ocrx_word' id='word_1_47' title='bbox 244 671 272 702; x_wconf 87' lang='lat' dir='ltr'><strong>an</strong></span> <span class='ocrx_word' id='word_1_48' title='bbox 287 657 340 702; x_wconf 84' lang='lat' dir='ltr'><strong>vivo</strong></span> <span class='ocrx_word' id='word_1_49' title='bbox 356 655 465 709; x_wconf 82' lang='lat' dir='ltr'><strong>Hierone,</strong></span> <span class='ocrx_word' id='word_1_50' title='bbox 482 657 605 718; x_wconf 89' lang='lat' dir='ltr'><strong>Syracusas</strong></span> <span class='ocrx_word' id='word_1_51' title='bbox 614 655 752 702; x_wconf 83' lang='lat' dir='ltr'><strong>violaverim.</strong></span> <span class='ocrx_word' id='word_1_52' title='bbox 788 653 831 703; x_wconf 92' lang='lat' dir='ltr'><strong>Sin</strong></span> 
     </span>
     <span class='ocr_line' id='line_1_8' title="bbox 158 718 832 782; baseline 0.003 -14"><span class='ocrx_word' id='word_1_53' title='bbox 158 729 234 772; x_wconf 85' lang='lat' dir='ltr'><strong>autem</strong></span> <span class='ocrx_word' id='word_1_54' title='bbox 248 721 397 774; x_wconf 81' lang='lat' dir='ltr'><strong>desciverunt,</strong></span> <span class='ocrx_word' id='word_1_55' title='bbox 411 721 500 782; x_wconf 77' lang='lat' dir='ltr'><strong>legatos</strong></span> <span class='ocrx_word' id='word_1_56' title='bbox 514 727 604 768; x_wconf 81' lang='lat' dir='ltr'><strong>nostros</strong></span> <span class='ocrx_word' id='word_1_57' title='bbox 612 719 674 767; x_wconf 82' lang='lat' dir='ltr'><strong>terro</strong></span> <span class='ocrx_word' id='word_1_58' title='bbox 683 727 751 780; x_wconf 88' lang='lat' dir='ltr'><strong>atque</strong></span> <span class='ocrx_word' id='word_1_59' title='bbox 762 718 832 770; x_wconf 74' lang='lat' dir='ltr'><strong>umis</strong></span> 
     </span>
     <span class='ocr_line' id='line_1_9' title="bbox 158 783 833 848; baseline -0.004 -16"><span class='ocrx_word' id='word_1_60' title='bbox 158 787 277 848; x_wconf 83' lang='lat' dir='ltr'><strong>petierunt,</strong></span> <span class='ocrx_word' id='word_1_61' title='bbox 297 786 373 832; x_wconf 90' lang='lat' dir='ltr'><strong>urbem</strong></span> <span class='ocrx_word' id='word_1_62' title='bbox 391 800 417 832; x_wconf 91' lang='lat' dir='ltr'><strong>ac</strong></span> <span class='ocrx_word' id='word_1_63' title='bbox 434 787 518 832; x_wconf 89' lang='lat' dir='ltr'><strong>moenia</strong></span> <span class='ocrx_word' id='word_1_64' title='bbox 531 787 675 837; x_wconf 71' lang='lat' dir='ltr'><strong>clauserunt,</strong></span> <span class='ocrx_word' id='word_1_65' title='bbox 686 783 833 843; x_wconf 84' lang='lat' dir='ltr'><strong>exercituque</strong></span> 
     </span>
     <span class='ocr_line' id='line_1_10' title="bbox 160 847 831 912; baseline -0.001 -16"><span class='ocrx_word' id='word_1_66' title='bbox 160 848 379 912; x_wconf 83' lang='lat' dir='ltr'><strong>Carthaginiensium</strong></span> <span class='ocrx_word' id='word_1_67' title='bbox 390 850 498 898; x_wconf 80' lang='lat' dir='ltr'><strong>adversm</strong></span> <span class='ocrx_word' id='word_1_68' title='bbox 507 865 549 896; x_wconf 93' lang='lat' dir='ltr'><strong>nos</strong></span> <span class='ocrx_word' id='word_1_69' title='bbox 560 850 625 896; x_wconf 78' lang='lat' dir='ltr'><strong>tutati</strong></span> <span class='ocrx_word' id='word_1_70' title='bbox 636 855 703 904; x_wconf 68' lang='lat' dir='ltr'><strong>aunt,</strong></span> <span class='ocrx_word' id='word_1_71' title='bbox 718 847 769 908; x_wconf 85' lang='lat' dir='ltr'><strong>quis</strong></span> <span class='ocrx_word' id='word_1_72' title='bbox 778 862 831 908; x_wconf 82' lang='lat' dir='ltr'><strong>pas·</strong></span> 
     </span>
     <span class='ocr_line' id='line_1_11' title="bbox 159 911 832 977; baseline -0.007 -15"><span class='ocrx_word' id='word_1_73' title='bbox 159 930 196 963; x_wconf 92' lang='lat' dir='ltr'><strong>sos</strong></span> <span class='ocrx_word' id='word_1_74' title='bbox 207 931 257 962; x_wconf 84' lang='lat' dir='ltr'><strong>esse</strong></span> <span class='ocrx_word' id='word_1_75' title='bbox 267 915 362 968; x_wconf 83' lang='lat' dir='ltr'><strong>hostilia,</strong></span> <span class='ocrx_word' id='word_1_76' title='bbox 372 929 423 962; x_wconf 89' lang='lat' dir='ltr'><strong>cum</strong></span> <span class='ocrx_word' id='word_1_77' title='bbox 431 913 532 968; x_wconf 81' lang='lat' dir='ltr'><strong>fecerint,</strong></span> <span class='ocrx_word' id='word_1_78' title='bbox 540 913 686 977; x_wconf 73' lang='lat' dir='ltr'><strong>indignatur?</strong></span> <span class='ocrx_word' id='word_1_79' title='bbox 703 911 832 961; x_wconf 80' lang='lat' dir='ltr'><strong>Tradentea</strong></span> 
     </span>
     <span class='ocr_line' id='line_1_12' title="bbox 159 976 833 1041; baseline -0.003 -14"><span class='ocrx_word' id='word_1_80' title='bbox 159 981 235 1027; x_wconf 87' lang='lat' dir='ltr'><strong>urbem</strong></span> <span class='ocrx_word' id='word_1_81' title='bbox 250 981 362 1041; x_wconf 74' lang='lat' dir='ltr'><strong>principes</strong></span> <span class='ocrx_word' id='word_1_82' title='bbox 376 981 566 1039; x_wconf 86' lang='lat' dir='ltr'><strong>Syracusanorum</strong></span> <span class='ocrx_word' id='word_1_83' title='bbox 578 987 694 1026; x_wconf 86' lang='lat' dir='ltr'><strong>aversatus</strong></span> <span class='ocrx_word' id='word_1_84' title='bbox 704 992 768 1025; x_wconf 87' lang='lat' dir='ltr'><strong>sum:</strong></span> <span class='ocrx_word' id='word_1_85' title='bbox 788 976 833 1025; x_wconf 58' lang='lat' dir='ltr'><strong>Sos</strong></span> 
     </span>
     <span class='ocr_line' id='line_1_13' title="bbox 159 1041 831 1105; baseline 0.001 -15"><span class='ocrx_word' id='word_1_86' title='bbox 159 1044 201 1090; x_wconf 88' lang='lat' dir='ltr'><strong>sim</strong></span> <span class='ocrx_word' id='word_1_87' title='bbox 212 1050 236 1090; x_wconf 91' lang='lat' dir='ltr'><strong>et</strong></span> <span class='ocrx_word' id='word_1_88' title='bbox 244 1043 357 1090; x_wconf 87' lang='lat' dir='ltr'><strong>Mericum</strong></span> <span class='ocrx_word' id='word_1_89' title='bbox 370 1043 506 1105; x_wconf 87' lang='lat' dir='ltr'><strong>Hispanum,</strong></span> <span class='ocrx_word' id='word_1_90' title='bbox 518 1044 598 1105; x_wconf 90' lang='lat' dir='ltr'><strong>quibus</strong></span> <span class='ocrx_word' id='word_1_91' title='bbox 608 1050 696 1090; x_wconf 85' lang='lat' dir='ltr'><strong>tanturn</strong></span> <span class='ocrx_word' id='word_1_92' title='bbox 707 1041 831 1096; x_wconf 73' lang='lat' dir='ltr'><strong>crederem.</strong></span> 
     </span>
     <span class='ocr_line' id='line_1_14' title="bbox 157 1107 830 1171; baseline -0.006 -15"><span class='ocrx_word' id='word_1_93' title='bbox 157 1109 256 1171; x_wconf 87' lang='lat' dir='ltr'><strong>potiores</strong></span> <span class='ocrx_word' id='word_1_94' title='bbox 271 1109 343 1156; x_wconf 83' lang='lat' dir='ltr'><strong>habui.</strong></span> <span class='ocrx_word' id='word_1_95' title='bbox 379 1107 434 1154; x_wconf 89' lang='lat' dir='ltr'><strong>Non</strong></span> <span class='ocrx_word' id='word_1_96' title='bbox 449 1109 504 1154; x_wconf 88' lang='lat' dir='ltr'><strong>estis</strong></span> <span class='ocrx_word' id='word_1_97' title='bbox 518 1109 613 1155; x_wconf 86' lang='lat' dir='ltr'><strong>extremi</strong></span> <span class='ocrx_word' id='word_1_98' title='bbox 627 1109 830 1169; x_wconf 61' lang='lat' dir='ltr'><strong>Syracusanorum</strong></span> 
     </span>
     <span class='ocr_line' id='line_1_15' title="bbox 159 1171 831 1236; baseline -0.003 -16"><span class='ocrx_word' id='word_1_99' title='bbox 159 1174 240 1234; x_wconf 86' lang='lat' dir='ltr'><strong>quippe</strong></span> <span class='ocrx_word' id='word_1_100' title='bbox 249 1173 347 1233; x_wconf 83' lang='lat' dir='ltr'><strong>quialiis</strong></span> <span class='ocrx_word' id='word_1_101' title='bbox 357 1173 504 1221; x_wconf 81' lang='lat' dir='ltr'><strong>bumilitatem</strong></span> <span class='ocrx_word' id='word_1_102' title='bbox 515 1173 629 1236; x_wconf 84' lang='lat' dir='ltr'><strong>objiciatis.</strong></span> <span class='ocrx_word' id='word_1_103' title='bbox 664 1171 724 1226; x_wconf 86' lang='lat' dir='ltr'><strong>Quis</strong></span> <span class='ocrx_word' id='word_1_104' title='bbox 734 1179 769 1218; x_wconf 89' lang='lat' dir='ltr'><strong>est</strong></span> <span class='ocrx_word' id='word_1_105' title='bbox 778 1186 831 1218; x_wconf 83' lang='lat' dir='ltr'><strong>vas·</strong></span> 
     </span>
     <span class='ocr_line' id='line_1_16' title="bbox 159 1237 832 1299; baseline 0.003 -15"><span class='ocrx_word' id='word_1_106' title='bbox 159 1237 227 1292; x_wconf 83' lang='lat' dir='ltr'><strong>trdm,</strong></span> <span class='ocrx_word' id='word_1_107' title='bbox 248 1238 286 1298; x_wconf 88' lang='lat' dir='ltr'><strong>qui</strong></span> <span class='ocrx_word' id='word_1_108' title='bbox 305 1253 329 1284; x_wconf 91' lang='lat' dir='ltr'><strong>se</strong></span> <span class='ocrx_word' id='word_1_109' title='bbox 348 1237 402 1284; x_wconf 90' lang='lat' dir='ltr'><strong>mibi</strong></span> <span class='ocrx_word' id='word_1_110' title='bbox 421 1245 496 1298; x_wconf 88' lang='lat' dir='ltr'><strong>portas</strong></span> <span class='ocrx_word' id='word_1_111' title='bbox 514 1245 649 1299; x_wconf 89' lang='lat' dir='ltr'><strong>aperturum,</strong></span> <span class='ocrx_word' id='word_1_112' title='bbox 671 1237 710 1297; x_wconf 91' lang='lat' dir='ltr'><strong>qui</strong></span> <span class='ocrx_word' id='word_1_113' title='bbox 731 1244 832 1286; x_wconf 83' lang='lat' dir='ltr'><strong>armatos</strong></span> 
     </span>
     <span class='ocr_line' id='line_1_17' title="bbox 158 1300 832 1365; baseline 0.004 -17"><span class='ocrx_word' id='word_1_114' title='bbox 158 1303 240 1348; x_wconf 82' lang='lat' dir='ltr'><strong>milites</strong></span> <span class='ocrx_word' id='word_1_115' title='bbox 249 1317 311 1348; x_wconf 86' lang='lat' dir='ltr'><strong>meos</strong></span> <span class='ocrx_word' id='word_1_116' title='bbox 319 1303 342 1349; x_wconf 90' lang='lat' dir='ltr'><strong>in</strong></span> <span class='ocrx_word' id='word_1_117' title='bbox 351 1303 427 1348; x_wconf 87' lang='lat' dir='ltr'><strong>urbem</strong></span> <span class='ocrx_word' id='word_1_118' title='bbox 435 1309 577 1364; x_wconf 84' lang='lat' dir='ltr'><strong>accepturum</strong></span> <span class='ocrx_word' id='word_1_119' title='bbox 585 1301 728 1365; x_wconf 79' lang='lat' dir='ltr'><strong>promiserit?</strong></span> <span class='ocrx_word' id='word_1_120' title='bbox 743 1300 832 1351; x_wconf 79' lang='lat' dir='ltr'><strong>Odistis</strong></span> 
     </span>
     <span class='ocr_line' id='line_1_18' title="bbox 144 1365 830 1427; baseline 0.003 -14"><span class='ocrx_word' id='word_1_121' title='bbox 144 1374 182 1413; x_wconf 90' lang='lat' dir='ltr'><strong>·et</strong></span> <span class='ocrx_word' id='word_1_122' title='bbox 196 1367 341 1414; x_wconf 85' lang='lat' dir='ltr'><strong>exsecramini</strong></span> <span class='ocrx_word' id='word_1_123' title='bbox 359 1382 398 1414; x_wconf 90' lang='lat' dir='ltr'><strong>eos</strong></span> <span class='ocrx_word' id='word_1_124' title='bbox 414 1367 451 1427; x_wconf 88' lang='lat' dir='ltr'><strong>qui</strong></span> <span class='ocrx_word' id='word_1_125' title='bbox 467 1366 584 1424; x_wconf 85' lang='lat' dir='ltr'><strong>fecaruut;</strong></span> <span class='ocrx_word' id='word_1_126' title='bbox 603 1374 627 1414; x_wconf 88' lang='lat' dir='ltr'><strong>et</strong></span> <span class='ocrx_word' id='word_1_127' title='bbox 642 1381 672 1412; x_wconf 87' lang='lat' dir='ltr'><strong>nc</strong></span> <span class='ocrx_word' id='word_1_128' title='bbox 686 1367 724 1412; x_wconf 90' lang='lat' dir='ltr'><strong>bic</strong></span> <span class='ocrx_word' id='word_1_129' title='bbox 737 1365 830 1426; x_wconf 79' lang='lat' dir='ltr'><strong>quidem</strong></span> 
     </span>
     <span class='ocr_line' id='line_1_19' title="bbox 159 1431 832 1493; baseline 0.003 -15"><span class='ocrx_word' id='word_1_130' title='bbox 159 1431 300 1478; x_wconf 86' lang='lat' dir='ltr'><strong>contumeliis</strong></span> <span class='ocrx_word' id='word_1_131' title='bbox 311 1431 334 1478; x_wconf 92' lang='lat' dir='ltr'><strong>in</strong></span> <span class='ocrx_word' id='word_1_132' title='bbox 345 1447 384 1478; x_wconf 90' lang='lat' dir='ltr'><strong>eos</strong></span> <span class='ocrx_word' id='word_1_133' title='bbox 395 1432 493 1478; x_wconf 90' lang='lat' dir='ltr'><strong>dicendis</strong></span> <span class='ocrx_word' id='word_1_134' title='bbox 503 1431 605 1493; x_wconf 83' lang='lat' dir='ltr'><strong>parcitis:</strong></span> <span class='ocrx_word' id='word_1_135' title='bbox 624 1438 711 1478; x_wconf 84' lang='lat' dir='ltr'><strong>tantum</strong></span> <span class='ocrx_word' id='word_1_136' title='bbox 722 1431 792 1484; x_wconf 83' lang='lat' dir='ltr'><strong>abest,</strong></span> <span class='ocrx_word' id='word_1_137' title='bbox 805 1437 832 1480; x_wconf 83' lang='lat' dir='ltr'><strong>ut</strong></span> 
     </span>
     <span class='ocr_line' id='line_1_20' title="bbox 159 1493 831 1558; baseline -0.003 -14"><span class='ocrx_word' id='word_1_138' title='bbox 159 1503 183 1544; x_wconf 81' lang='lat' dir='ltr'><strong>et</strong></span> <span class='ocrx_word' id='word_1_139' title='bbox 192 1496 234 1558; x_wconf 89' lang='lat' dir='ltr'><strong>ipsi</strong></span> <span class='ocrx_word' id='word_1_140' title='bbox 245 1496 290 1542; x_wconf 81' lang='lat' dir='ltr'><strong>tale</strong></span> <span class='ocrx_word' id='word_1_141' title='bbox 300 1497 418 1558; x_wconf 87' lang='lat' dir='ltr'><strong>quidquam</strong></span> <span class='ocrx_word' id='word_1_142' title='bbox 428 1496 509 1544; x_wconf 84' lang='lat' dir='ltr'><strong>facturi</strong></span> <span class='ocrx_word' id='word_1_143' title='bbox 524 1497 617 1543; x_wconf 74' lang='lat' dir='ltr'><strong>inuritis.</strong></span> <span class='ocrx_word' id='word_1_144' title='bbox 652 1493 706 1557; x_wconf 86' lang='lat' dir='ltr'><strong>ipsa</strong></span> <span class='ocrx_word' id='word_1_145' title='bbox 715 1495 831 1542; x_wconf 87' lang='lat' dir='ltr'><strong>humilitas</strong></span> 
     </span>
     <span class='ocr_line' id='line_1_21' title="bbox 158 1559 831 1623; baseline -0.003 -15"><span class='ocrx_word' id='word_1_146' title='bbox 158 1575 244 1615; x_wconf 85' lang='lat' dir='ltr'><strong>eorum,</strong></span> <span class='ocrx_word' id='word_1_147' title='bbox 258 1559 338 1608; x_wconf 83' lang='lat' dir='ltr'><strong>Patres</strong></span> <span class='ocrx_word' id='word_1_148' title='bbox 346 1561 472 1622; x_wconf 81' lang='lat' dir='ltr'><strong>conscripti,</strong></span> <span class='ocrx_word' id='word_1_149' title='bbox 484 1576 551 1621; x_wconf 89' lang='lat' dir='ltr'><strong>quam</strong></span> <span class='ocrx_word' id='word_1_150' title='bbox 558 1562 596 1607; x_wconf 90' lang='lat' dir='ltr'><strong>isti</strong></span> <span class='ocrx_word' id='word_1_151' title='bbox 607 1561 720 1623; x_wconf 86' lang='lat' dir='ltr'><strong>objiciunt,</strong></span> <span class='ocrx_word' id='word_1_152' title='bbox 729 1560 831 1606; x_wconf 85' lang='lat' dir='ltr'><strong>maximo</strong></span> 
     </span>
     <span class='ocr_line' id='line_1_22' title="bbox 158 1625 830 1687; baseline -0.001 -15"><span class='ocrx_word' id='word_1_153' title='bbox 158 1633 293 1687; x_wconf 86' lang='lat' dir='ltr'><strong>argumento</strong></span> <span class='ocrx_word' id='word_1_154' title='bbox 311 1633 353 1678; x_wconf 88' lang='lat' dir='ltr'><strong>est,</strong></span> <span class='ocrx_word' id='word_1_155' title='bbox 371 1641 407 1672; x_wconf 89' lang='lat' dir='ltr'><strong>me</strong></span> <span class='ocrx_word' id='word_1_156' title='bbox 426 1627 545 1679; x_wconf 84' lang='lat' dir='ltr'><strong>neminem,</strong></span> <span class='ocrx_word' id='word_1_157' title='bbox 562 1625 601 1686; x_wconf 90' lang='lat' dir='ltr'><strong>qui</strong></span> <span class='ocrx_word' id='word_1_158' title='bbox 617 1633 720 1673; x_wconf 83' lang='lat' dir='ltr'><strong>navatam</strong></span> <span class='ocrx_word' id='word_1_159' title='bbox 737 1639 830 1686; x_wconf 83' lang='lat' dir='ltr'><strong>operam</strong></span> 
     </span>
     <span class='ocr_line' id='line_1_23' title="bbox 159 1688 832 1751; baseline 0.003 -13"><span class='ocrx_word' id='word_1_160' title='bbox 159 1690 380 1751; x_wconf 83' lang='lat' dir='ltr'><strong>reipublicaenostrae</strong></span> <span class='ocrx_word' id='word_1_161' title='bbox 396 1691 456 1743; x_wconf 82' lang='lat' dir='ltr'><strong>velit,</strong></span> <span class='ocrx_word' id='word_1_162' title='bbox 474 1698 600 1738; x_wconf 84' lang='lat' dir='ltr'><strong>aversatum</strong></span> <span class='ocrx_word' id='word_1_163' title='bbox 614 1705 672 1738; x_wconf 75' lang='lat' dir='ltr'><strong>esse·</strong></span> <span class='ocrx_word' id='word_1_164' title='bbox 706 1688 747 1743; x_wconf 72' lang='lat' dir='ltr'><strong>Et,</strong></span> <span class='ocrx_word' id='word_1_165' title='bbox 764 1696 832 1740; x_wconf 58' lang='lat' dir='ltr'><strong>unice</strong></span> 
     </span>
     <span class='ocr_line' id='line_1_24' title="bbox 159 1753 830 1817; baseline 0.003 -17"><span class='ocrx_word' id='word_1_166' title='bbox 159 1767 227 1815; x_wconf 87' lang='lat' dir='ltr'><strong>quam</strong></span> <span class='ocrx_word' id='word_1_167' title='bbox 243 1755 366 1802; x_wconf 86' lang='lat' dir='ltr'><strong>obsiderem</strong></span> <span class='ocrx_word' id='word_1_168' title='bbox 387 1755 516 1816; x_wconf 73' lang='lat' dir='ltr'><strong>Syracusas,</strong></span> <span class='ocrx_word' id='word_1_169' title='bbox 534 1771 594 1802; x_wconf 91' lang='lat' dir='ltr'><strong>nunc</strong></span> <span class='ocrx_word' id='word_1_170' title='bbox 609 1755 689 1817; x_wconf 82' lang='lat' dir='ltr'><strong>legatis</strong></span> <span class='ocrx_word' id='word_1_171' title='bbox 705 1753 830 1810; x_wconf 72' lang='lat' dir='ltr'><strong>minensis.</strong></span> 
     </span>
     <span class='ocr_line' id='line_1_25' title="bbox 159 1819 831 1882; baseline 0.004 -18"><span class='ocrx_word' id='word_1_172' title='bbox 159 1832 219 1866; x_wconf 88' lang='lat' dir='ltr'><strong>nunc</strong></span> <span class='ocrx_word' id='word_1_173' title='bbox 230 1819 258 1871; x_wconf 87' lang='lat' dir='ltr'><strong>ad</strong></span> <span class='ocrx_word' id='word_1_174' title='bbox 269 1820 402 1882; x_wconf 87' lang='lat' dir='ltr'><strong>colloquium</strong></span> <span class='ocrx_word' id='word_1_175' title='bbox 414 1821 496 1873; x_wconf 90' lang='lat' dir='ltr'><strong>eundo,</strong></span> <span class='ocrx_word' id='word_1_176' title='bbox 513 1821 598 1868; x_wconf 82' lang='lat' dir='ltr'><strong>tentavi</strong></span> <span class='ocrx_word' id='word_1_177' title='bbox 607 1835 699 1881; x_wconf 85' lang='lat' dir='ltr'><strong>pacem:</strong></span> <span class='ocrx_word' id='word_1_178' title='bbox 717 1826 748 1872; x_wconf 87' lang='lat' dir='ltr'><strong>et,</strong></span> <span class='ocrx_word' id='word_1_179' title='bbox 766 1827 831 1881; x_wconf 60' lang='lat' dir='ltr'><strong>poste</strong></span> 
     </span>
     <span class='ocr_line' id='line_1_26' title="bbox 158 1885 831 1946; baseline -0.003 -14"><span class='ocrx_word' id='word_1_180' title='bbox 158 1898 227 1944; x_wconf 86' lang='lat' dir='ltr'><strong>quum</strong></span> <span class='ocrx_word' id='word_1_181' title='bbox 246 1899 317 1945; x_wconf 87' lang='lat' dir='ltr'><strong>neque</strong></span> <span class='ocrx_word' id='word_1_182' title='bbox 335 1885 423 1946; x_wconf 79' lang='lat' dir='ltr'><strong>legatos</strong></span> <span class='ocrx_word' id='word_1_183' title='bbox 442 1885 539 1932; x_wconf 86' lang='lat' dir='ltr'><strong>violandi</strong></span> <span class='ocrx_word' id='word_1_184' title='bbox 558 1885 692 1936; x_wconf 82' lang='lat' dir='ltr'><strong>verecundis</strong></span> <span class='ocrx_word' id='word_1_185' title='bbox 708 1889 764 1938; x_wconf 81' lang='lat' dir='ltr'><strong>erat,</strong></span> <span class='ocrx_word' id='word_1_186' title='bbox 786 1898 831 1936; x_wconf 86' lang='lat' dir='ltr'><strong>nec</strong></span> 
     </span>
     <span class='ocr_line' id='line_1_27' title="bbox 158 1949 833 2013; baseline -0.001 -17"><span class='ocrx_word' id='word_1_187' title='bbox 158 1949 212 1996; x_wconf 89' lang='lat' dir='ltr'><strong>mibi</strong></span> <span class='ocrx_word' id='word_1_188' title='bbox 224 1949 265 2010; x_wconf 85' lang='lat' dir='ltr'><strong>ipsi</strong></span> <span class='ocrx_word' id='word_1_189' title='bbox 276 1964 398 2013; x_wconf 79' lang='lat' dir='ltr'><strong>congresso</strong></span> <span class='ocrx_word' id='word_1_190' title='bbox 408 1949 437 1996; x_wconf 90' lang='lat' dir='ltr'><strong>ad</strong></span> <span class='ocrx_word' id='word_1_191' title='bbox 445 1956 522 2010; x_wconf 89' lang='lat' dir='ltr'><strong>portas</strong></span> <span class='ocrx_word' id='word_1_192' title='bbox 531 1949 726 2012; x_wconf 85' lang='lat' dir='ltr'><strong>comprincipibus</strong></span> <span class='ocrx_word' id='word_1_193' title='bbox 736 1963 833 2010; x_wconf 77' lang='lat' dir='ltr'><strong>respou-¹</strong></span> 
     </span>
     <span class='ocr_line' id='line_1_28' title="bbox 158 2012 832 2076; baseline 0.003 -16"><span class='ocrx_word' id='word_1_194' title='bbox 158 2028 209 2060; x_wconf 88' lang='lat' dir='ltr'><strong>auur</strong></span> <span class='ocrx_word' id='word_1_195' title='bbox 220 2014 318 2068; x_wconf 83' lang='lat' dir='ltr'><strong>dabatur,</strong></span> <span class='ocrx_word' id='word_1_196' title='bbox 331 2014 406 2061; x_wconf 88' lang='lat' dir='ltr'><strong>multis</strong></span> <span class='ocrx_word' id='word_1_197' title='bbox 414 2012 474 2062; x_wconf 76' lang='lat' dir='ltr'><strong>terrai</strong></span> <span class='ocrx_word' id='word_1_198' title='bbox 481 2015 581 2076; x_wconf 80' lang='lat' dir='ltr'><strong>marique</strong></span> <span class='ocrx_word' id='word_1_199' title='bbox 587 2015 702 2065; x_wconf 83' lang='lat' dir='ltr'><strong>exhaustis</strong></span> <span class='ocrx_word' id='word_1_200' title='bbox 708 2014 832 2069; x_wconf 82' lang='lat' dir='ltr'><strong>laboribus,</strong></span> 
     </span>
     <span class='ocr_line' id='line_1_29' title="bbox 158 2077 832 2142; baseline 0.01 -19"><span class='ocrx_word' id='word_1_201' title='bbox 158 2077 249 2124; x_wconf 90' lang='lat' dir='ltr'><strong>tandem</strong></span> <span class='ocrx_word' id='word_1_202' title='bbox 264 2079 287 2124; x_wconf 91' lang='lat' dir='ltr'><strong>vi</strong></span> <span class='ocrx_word' id='word_1_203' title='bbox 302 2086 369 2140; x_wconf 84' lang='lat' dir='ltr'><strong>atque</strong></span> <span class='ocrx_word' id='word_1_204' title='bbox 384 2080 451 2128; x_wconf 87' lang='lat' dir='ltr'><strong>armis</strong></span> <span class='ocrx_word' id='word_1_205' title='bbox 463 2080 585 2142; x_wconf 85' lang='lat' dir='ltr'><strong>Syracusas</strong></span> <span class='ocrx_word' id='word_1_206' title='bbox 595 2081 650 2142; x_wconf 85' lang='lat' dir='ltr'><strong>cepi.</strong></span> <span class='ocrx_word' id='word_1_207' title='bbox 686 2078 747 2136; x_wconf 72' lang='lat' dir='ltr'><strong>Qua</strong></span> <span class='ocrx_word' id='word_1_208' title='bbox 757 2080 832 2141; x_wconf 83' lang='lat' dir='ltr'><strong>osptls</strong></span> 
     </span>
     <span class='ocr_line' id='line_1_30' title="bbox 158 2143 831 2207; baseline -0.003 -15"><span class='ocrx_word' id='word_1_209' title='bbox 158 2143 285 2196; x_wconf 76' lang='lat' dir='ltr'><strong>acciderint,</strong></span> <span class='ocrx_word' id='word_1_210' title='bbox 303 2143 361 2205; x_wconf 92' lang='lat' dir='ltr'><strong>apud</strong></span> <span class='ocrx_word' id='word_1_211' title='bbox 376 2143 527 2194; x_wconf 86' lang='lat' dir='ltr'><strong>Hannibalem</strong></span> <span class='ocrx_word' id='word_1_212' title='bbox 537 2153 560 2192; x_wconf 89' lang='lat' dir='ltr'><strong>et</strong></span> <span class='ocrx_word' id='word_1_213' title='bbox 571 2144 769 2207; x_wconf 74' lang='lat' dir='ltr'><strong>Carthaginienses</strong></span> <span class='ocrx_word' id='word_1_214' title='bbox 780 2144 831 2192; x_wconf 78' lang='lat' dir='ltr'><strong>sio-</strong></span> 
     </span>
     <span class='ocr_line' id='line_1_31' title="bbox 157 2209 830 2272; baseline 0.006 -18"><span class='ocrx_word' id='word_1_215' title='bbox 157 2214 237 2268; x_wconf 87' lang='lat' dir='ltr'><strong>tosque</strong></span> <span class='ocrx_word' id='word_1_216' title='bbox 250 2209 340 2270; x_wconf 84' lang='lat' dir='ltr'><strong>justius,</strong></span> <span class='ocrx_word' id='word_1_217' title='bbox 358 2224 425 2270; x_wconf 87' lang='lat' dir='ltr'><strong>quam</strong></span> <span class='ocrx_word' id='word_1_218' title='bbox 441 2211 500 2272; x_wconf 85' lang='lat' dir='ltr'><strong>apud</strong></span> <span class='ocrx_word' id='word_1_219' title='bbox 517 2210 609 2258; x_wconf 81' lang='lat' dir='ltr'><strong>victoris</strong></span> <span class='ocrx_word' id='word_1_220' title='bbox 624 2209 699 2272; x_wconf 91' lang='lat' dir='ltr'><strong>populi</strong></span> <span class='ocrx_word' id='word_1_221' title='bbox 715 2216 830 2264; x_wconf 67' lang='lat' dir='ltr'><strong>mustum</strong></span> 
     </span>
     <span class='ocr_line' id='line_1_32' title="bbox 157 2272 832 2336; baseline 0.003 -18"><span class='ocrx_word' id='word_1_222' title='bbox 157 2279 311 2332; x_wconf 84' lang='lat' dir='ltr'><strong>quererentur.</strong></span> <span class='ocrx_word' id='word_1_223' title='bbox 341 2272 402 2336; x_wconf 75' lang='lat' dir='ltr'><strong>Ego,</strong></span> <span class='ocrx_word' id='word_1_224' title='bbox 416 2273 629 2335; x_wconf 86' lang='lat' dir='ltr'><strong>Patrcsconscripti,</strong></span> <span class='ocrx_word' id='word_1_225' title='bbox 642 2274 765 2334; x_wconf 79' lang='lat' dir='ltr'><strong>Syracusas</strong></span> <span class='ocrx_word' id='word_1_226' title='bbox 775 2287 832 2335; x_wconf 70' lang='lat' dir='ltr'><strong>spo-</strong></span> 
     </span>
     <span class='ocr_line' id='line_1_33' title="bbox 156 2335 831 2399; baseline 0.001 -15"><span class='ocrx_word' id='word_1_227' title='bbox 156 2335 222 2384; x_wconf 80' lang='lat' dir='ltr'><strong>liatas</strong></span> <span class='ocrx_word' id='word_1_228' title='bbox 240 2337 260 2382; x_wconf 86' lang='lat' dir='ltr'><strong>si</strong></span> <span class='ocrx_word' id='word_1_229' title='bbox 278 2345 401 2399; x_wconf 78' lang='lat' dir='ltr'><strong>negaturus</strong></span> <span class='ocrx_word' id='word_1_230' title='bbox 419 2353 500 2391; x_wconf 86' lang='lat' dir='ltr'><strong>essem,</strong></span> <span class='ocrx_word' id='word_1_231' title='bbox 523 2353 637 2399; x_wconf 87' lang='lat' dir='ltr'><strong>nunquam</strong></span> <span class='ocrx_word' id='word_1_232' title='bbox 656 2338 732 2399; x_wconf 84' lang='lat' dir='ltr'><strong>spoliis</strong></span> <span class='ocrx_word' id='word_1_233' title='bbox 749 2353 831 2387; x_wconf 85' lang='lat' dir='ltr'><strong>earum</strong></span> 
     </span>
     <span class='ocr_line' id='line_1_34' title="bbox 158 2401 833 2465; baseline 0.001 -17"><span class='ocrx_word' id='word_1_234' title='bbox 158 2401 236 2448; x_wconf 88' lang='lat' dir='ltr'><strong>urbem</strong></span> <span class='ocrx_word' id='word_1_235' title='bbox 255 2401 354 2456; x_wconf 83' lang='lat' dir='ltr'><strong>Romam</strong></span> <span class='ocrx_word' id='word_1_236' title='bbox 372 2417 513 2451; x_wconf 77' lang='lat' dir='ltr'><strong>exornarem.</strong></span> <span class='ocrx_word' id='word_1_237' title='bbox 554 2402 615 2456; x_wconf 76' lang='lat' dir='ltr'><strong>Quoe</strong></span> <span class='ocrx_word' id='word_1_238' title='bbox 635 2410 711 2450; x_wconf 86' lang='lat' dir='ltr'><strong>autem</strong></span> <span class='ocrx_word' id='word_1_239' title='bbox 732 2402 833 2465; x_wconf 72' lang='lat' dir='ltr'><strong>siugulis</strong></span> 
     </span>
     <span class='ocr_line' id='line_1_35' title="bbox 157 2464 831 2530; baseline 0.003 -16"><span class='ocrx_word' id='word_1_240' title='bbox 157 2464 231 2514; x_wconf 77' lang='lat' dir='ltr'><strong>vietor</strong></span> <span class='ocrx_word' id='word_1_241' title='bbox 245 2473 285 2512; x_wconf 86' lang='lat' dir='ltr'><strong>aut</strong></span> <span class='ocrx_word' id='word_1_242' title='bbox 299 2465 377 2519; x_wconf 82' lang='lat' dir='ltr'><strong>ademi,</strong></span> <span class='ocrx_word' id='word_1_243' title='bbox 394 2473 434 2512; x_wconf 90' lang='lat' dir='ltr'><strong>aut</strong></span> <span class='ocrx_word' id='word_1_244' title='bbox 449 2467 513 2524; x_wconf 80' lang='lat' dir='ltr'><strong>dedi3</strong></span> <span class='ocrx_word' id='word_1_245' title='bbox 531 2482 582 2514; x_wconf 84' lang='lat' dir='ltr'><strong>curu</strong></span> <span class='ocrx_word' id='word_1_246' title='bbox 596 2467 717 2530; x_wconf 85' lang='lat' dir='ltr'><strong>bellijure,</strong></span> <span class='ocrx_word' id='word_1_247' title='bbox 734 2474 784 2516; x_wconf 85' lang='lat' dir='ltr'><strong>tum</strong></span> <span class='ocrx_word' id='word_1_248' title='bbox 799 2483 831 2516; x_wconf 76' lang='lat' dir='ltr'><strong>ex</strong></span> 
     </span>
     <span class='ocr_line' id='line_1_36' title="bbox 158 2529 832 2590; baseline 0.013 -15"><span class='ocrx_word' id='word_1_249' title='bbox 158 2529 266 2590; x_wconf 80' lang='lat' dir='ltr'><strong>cujusque</strong></span> <span class='ocrx_word' id='word_1_250' title='bbox 279 2530 367 2584; x_wconf 87' lang='lat' dir='ltr'><strong>merito,</strong></span> <span class='ocrx_word' id='word_1_251' title='bbox 385 2532 438 2580; x_wconf 73' lang='lat' dir='ltr'><strong>otis</strong></span> <span class='ocrx_word' id='word_1_252' title='bbox 452 2533 500 2580; x_wconf 82' lang='lat' dir='ltr'><strong>scio</strong></span> <span class='ocrx_word' id='word_1_253' title='bbox 512 2547 549 2578; x_wconf 83' lang='lat' dir='ltr'><strong>me</strong></span> <span class='ocrx_word' id='word_1_254' title='bbox 558 2531 644 2581; x_wconf 79' lang='lat' dir='ltr'><strong>iecisse</strong></span> <span class='ocrx_word' id='word_1_255' title='bbox 679 2530 718 2581; x_wconf 85' lang='lat' dir='ltr'><strong>Ea</strong></span> <span class='ocrx_word' id='word_1_256' title='bbox 726 2547 769 2580; x_wconf 83' lang='lat' dir='ltr'><strong>vos</strong></span> <span class='ocrx_word' id='word_1_257' title='bbox 780 2541 832 2584; x_wconf 73' lang='lat' dir='ltr'><strong>rats</strong></span> 
     </span>
    </p>
   </div>
   <div class='ocr_carea' id='block_1_3' title="bbox 157 2592 832 2792">
    <p class='ocr_par' dir='ltr' id='par_1_3' title="bbox 157 2592 832 2792">
     <span class='ocr_line' id='line_1_37' title="bbox 157 2592 831 2660; baseline 0.01 -21"><span class='ocrx_word' id='word_1_258' title='bbox 157 2593 263 2647; x_wconf 84' lang='lat' dir='ltr'><strong>babeatis,</strong></span> <span class='ocrx_word' id='word_1_259' title='bbox 281 2592 361 2643; x_wconf 84' lang='lat' dir='ltr'><strong>Patres</strong></span> <span class='ocrx_word' id='word_1_260' title='bbox 376 2597 504 2658; x_wconf 78' lang='lat' dir='ltr'><strong>conscripti,</strong></span> <span class='ocrx_word' id='word_1_261' title='bbox 521 2611 558 2644; x_wconf 84' lang='lat' dir='ltr'><strong>ure</strong></span> <span class='ocrx_word' id='word_1_262' title='bbox 572 2597 644 2660; x_wconf 76' lang='lat' dir='ltr'><strong>magis</strong></span> <span class='ocrx_word' id='word_1_263' title='bbox 654 2595 782 2658; x_wconf 69' lang='lat' dir='ltr'><strong>reipublice</strong></span> <span class='ocrx_word' id='word_1_264' title='bbox 791 2597 831 2646; x_wconf 61' lang='lat' dir='ltr'><strong>in·</strong></span> 
     </span>
     <span class='ocr_line' id='line_1_38' title="bbox 157 2661 827 2724; baseline 0.01 -21"><span class='ocrx_word' id='word_1_265' title='bbox 157 2664 234 2712; x_wconf 75' lang='lat' dir='ltr'><strong>terent,</strong></span> <span class='ocrx_word' id='word_1_266' title='bbox 252 2672 319 2719; x_wconf 83' lang='lat' dir='ltr'><strong>quarn</strong></span> <span class='ocrx_word' id='word_1_267' title='bbox 333 2671 390 2708; x_wconf 74' lang='lat' dir='ltr'><strong>mea</strong></span> <span class='ocrx_word' id='word_1_268' title='bbox 425 2661 483 2708; x_wconf 91' lang='lat' dir='ltr'><strong>Mea</strong></span> <span class='ocrx_word' id='word_1_269' title='bbox 495 2663 576 2724; x_wconf 89' lang='lat' dir='ltr'><strong>quippe</strong></span> <span class='ocrx_word' id='word_1_270' title='bbox 590 2661 645 2708; x_wconf 83' lang='lat' dir='ltr'><strong>tides</strong></span> <span class='ocrx_word' id='word_1_271' title='bbox 659 2661 762 2712; x_wconf 78' lang='lat' dir='ltr'><strong>exsoluta</strong></span> <span class='ocrx_word' id='word_1_272' title='bbox 775 2670 827 2710; x_wconf 80' lang='lat' dir='ltr'><strong>eat:</strong></span> 
     </span>
     <span class='ocr_line' id='line_1_39' title="bbox 158 2722 832 2792; baseline 0.01 -23"><span class='ocrx_word' id='word_1_273' title='bbox 158 2722 185 2768; x_wconf 82' lang='lat' dir='ltr'><strong>acl</strong></span> <span class='ocrx_word' id='word_1_274' title='bbox 200 2723 356 2787; x_wconf 77' lang='lat' dir='ltr'><strong>rempublicam</strong></span> <span class='ocrx_word' id='word_1_275' title='bbox 369 2725 473 2792; x_wconf 77' lang='lat' dir='ltr'><strong>pertinet,</strong></span> <span class='ocrx_word' id='word_1_276' title='bbox 482 2742 526 2791; x_wconf 83' lang='lat' dir='ltr'><strong>ne,</strong></span> <span class='ocrx_word' id='word_1_277' title='bbox 544 2733 593 2785; x_wconf 76' lang='lat' dir='ltr'><strong>acta</strong></span> <span class='ocrx_word' id='word_1_278' title='bbox 606 2741 657 2774; x_wconf 89' lang='lat' dir='ltr'><strong>mea</strong></span> <span class='ocrx_word' id='word_1_279' title='bbox 672 2725 832 2783; x_wconf 82' lang='lat' dir='ltr'><strong>rescindendo,</strong></span> 
     </span>
    </p>
   </div>
   <div class='ocr_carea' id='block_1_4' title="bbox 0 0 930 2917">
    <p class='ocr_par' dir='ltr' id='par_1_4' title="bbox 0 0 930 2917">
     <span class='ocr_line' id='line_1_40' title="bbox 0 0 930 2917; baseline 0 0"><span class='ocrx_word' id='word_1_280' title='bbox 0 0 930 2917; x_wconf 95' lang='lat' dir='ltr'><strong> </strong></span> 
     </span>
    </p>
   </div>
  </div>
 </body>
</html>
