1850 2917
181 447 357 525 ,asmona
373 446 470 498 amru
487 445 647 500 vrcnsmr
663 447 818 498 samma

173 575 222 632 Cri.
233 577 340 626 Funvrus
349 578 477 640 proconsul,
492 591 544 625 cum
554 577 661 630 exercitu,
675 576 703 622 ab
713 575 847 623 Haumbale

172 645 203 692 ad
212 639 357 690 Herdoneam
368 658 440 690 caesus
449 649 491 690 est,
521 642 618 689 Meliore
628 649 710 688 eventu
722 657 736 688 a
746 639 846 689 Claudio

173 706 284 756 Marcello
298 708 389 754 consule
402 709 507 754 adversus
517 708 620 754 eumdem
631 707 659 753 ad
670 705 847 753 Numistronem

172 779 297 838 pugnatum
308 781 354 819 est:
374 774 425 820 inde
436 772 551 819 Hannibal
563 781 631 818 noctu
643 771 740 817 recessit.
775 769 847 816 Mam

172 837 242 886 c'ellus
252 839 365 886 insecutus
375 845 415 891 est,
432 845 456 884 et
470 836 562 884 subinde
572 838 686 884 cedentem
697 835 785 898 pressit,
802 835 848 882 do·

172 900 215 950 nec
226 902 363 965 confligeret.
389 900 467 949 Priore
477 899 554 964 pugnis
561 900 676 948 Hanndral
684 901 783 961 superior
790 899 846 954 fuit,

173 965 297 1014 Marcellus
308 967 439 1028 insequenti.
471 965 554 1013 Fabius
564 966 680 1012 Maximus
690 972 753 1026 pater
763 965 848 1011 consul

173 1029 308 1077 Tarentinos
322 1047 362 1093 per
371 1032 518 1094 proditionem
529 1031 617 1092 recepit.
654 1028 682 1075 ln
694 1026 806 1090 Hispani&
818 1031 849 1076 ad

173 1091 290 1142 Baeculam
299 1096 373 1157 Scipio
381 1111 432 1142 curn
440 1096 581 1142 Hasdrubale
589 1095 724 1141 Hamilcaris
732 1093 847 1148 conflixit,

173 1160 268 1207 et'ricit.
303 1159 366 1207 Inter
380 1161 422 1207 alia
436 1169 525 1222 captum
538 1175 632 1222 puerum
645 1159 743 1220 regalem
753 1159 848 1206 eximiae

172 1223 252 1272 fonnae
267 1225 295 1272 ad
309 1225 441 1272 avunculum
457 1225 601 1273 Masinissam
613 1240 664 1271 cum
675 1224 739 1269 donis
750 1223 844 1270 dimisit.

174 1285 282 1354 Claudius
293 1289 422 1344 Marcellus,
435 1289 463 1335 T.
476 1287 582 1343 erintius
594 1287 718 1350 Crispinus,
731 1289 846 1343 consules,

173 1354 301 1416 speculandi
312 1352 378 1402 causi
389 1355 502 1417 progressi
514 1371 528 1401 e
542 1355 625 1409 eastris,
641 1354 726 1399 insidiis
736 1354 764 1399 ab
775 1353 847 1400 Han-

173 1418 246 1465 nibale
264 1419 409 1466 circumventi
431 1425 490 1465 sunt.
530 1416 653 1466 Marcellus
674 1418 760 1464 occisus
781 1417 846 1476 fuit3

174 1481 292 1546 Crispinus
302 1483 368 1546 sugit.
398 1485 447 1532 Res
457 1491 564 1546 praeterea
574 1501 587 1531 a
598 1483 625 1531 Ρ.
637 1483 735 1545 Sulpicio
745 1490 847 1546 praetore

172 1547 279 1604 adversus
291 1547 417 1611 Philippum
428 1557 451 1596 et
459 1550 558 1596 Acbaeos
565 1556 640 1610 gestas
648 1549 754 1594 continet
781 1547 847 1595 Lus-

172 1619 233 1660 trum
248 1628 262 1659 a
276 1614 403 1660 censoribus
417 1614 531 1660 conditum
546 1620 593 1660 est:
613 1628 679 1660 censa
693 1619 746 1658 sunt
758 1612 847 1660 civium

173 1678 245 1742 capita
255 1685 345 1724 centum
356 1679 448 1740 triginta
458 1685 542 1739 septem
553 1677 627 1730 millia,
640 1685 730 1723 centum
741 1685 764 1722 et
775 1685 843 1726 octo:

171 1755 204 1788 ex
214 1757 258 1802 quo
269 1757 362 1789 numero
373 1743 480 1804 apparuit,
492 1751 600 1802 quantum
610 1742 726 1788 hominum
737 1749 772 1788 tot
782 1758 848 1804 proe·

171 1802 253 1852 liorum
272 1806 365 1854 adversa
382 1807 472 1854 fortuna
486 1808 568 1868 populo
584 1807 690 1854 Romano
706 1806 845 1859 abstulisset,

172 1869 308 1925 Hasdrubal,
317 1872 412 1932 quicum
418 1872 517 1932 exercitu
523 1887 583 1918 novo
589 1871 756 1918 transcenderat
762 1872 845 1934 Alpes,

171 1935 201 1984 ut'
209 1953 234 1984 se
244 1935 366 1984 Hannibali
381 1938 533 1999 conjungeret,
547 1952 600 1984 cum
614 1937 711 1985 millibus
725 1937 846 1984 bominum

170 2001 333 2065 quinquaginta
345 2017 384 2048 sex
394 2017 466 2049 caesus
477 2010 517 2055 est,
533 1999 570 2047 M.
581 2001 642 2048 Livii
655 2001 753 2059 consulis
764 2001 845 2058 ductu,

172 2065 268 2112 sednon
280 2067 365 2115 minore
376 2065 442 2129 operi
453 2065 541 2114 Claudii
551 2065 650 2113 Neronis
665 2067 777 2123 consulis;
795 2068 844 2127 qui,

172 2145 224 2176 oum
236 2129 357 2178 Hannibali
369 2133 483 2194 oppositus
492 2138 558 2184 esset,
574 2132 656 2178 relictis
671 2131 756 2185 castris,
771 2131 805 2178 ita
817 2139 847 2178 ut

171 2193 260 2240 hostem
270 2195 362 2250 falleret,
378 2211 429 2248 cum
440 2195 511 2245 electi
520 2211 588 2245 manu
600 2195 721 2260 proiectus,
737 2195 846 2244 Hasdru·
894 2185 898 2202 ¹

171 2256 244 2309 talem
255 2257 407 2309 circumvenit.
