1850 2917
212 173 241 220 T.
255 171 342 221 LIVII
359 171 411 251 Lm.
426 171 511 219 XXX.
530 169 590 221 Cn.
604 167 652 221 89.'
712 174 761 219 403

78 353 80 356 .
98 315 238 356 censuerant.
269 307 375 370 Prodigia
396 321 491 368 quoque,
513 307 614 353 nonnata
632 305 673 352 sub
694 304 764 366 ipsam

98 373 182 418 sarnam
194 373 324 426 rebellionis,
336 381 443 418 terrorem
455 373 581 418 attulerant.
617 369 697 418 Cumis
711 370 765 415 solis

100 437 160 482 orbis
172 437 241 481 minui
251 437 320 490 visus,
337 444 360 482 et
373 437 429 497 pluit
440 437 526 497 lapideo
537 436 614 481 imbri:
633 435 689 480 etin
701 433 765 480 Veli-

100 509 166 546 terno
178 515 232 561 agro
247 513 306 546 terra
322 501 448 562 ingentilrus
463 501 563 546 cavernis
579 499 685 550 consedit,
701 499 766 543 arbo-

101 580 182 624 resque
192 565 215 608 in
226 563 359 625 profundum
368 565 461 610 haustae.
489 565 573 611 Ariciae
583 563 664 615 forum,
677 569 699 608 et
708 563 767 608 circa

101 631 206 681 taberne,
223 629 349 675 Frusinone
363 643 440 674 murus
453 629 537 688 aliquot
548 629 610 681 locis,
623 635 645 674 et
655 635 725 688 porta,
739 627 767 672 de

102 690 161 740 caelo
172 699 245 739 tacta:
265 701 288 738 et
300 693 323 738 in
335 693 421 739 Palatio
436 693 543 754 lapidibus
557 693 620 754 pluit.
649 691 677 737 Id
690 691 767 752 prodi-

102 758 166 819 glum
182 773 244 803 more
261 758 332 819 patrio
350 757 482 803 novemdiali
500 773 570 810 sacro,
589 764 670 802 caetera
688 755 767 801 hostiis

102 822 223 882 majoribus
235 823 334 882 expiata:
353 822 411 867 inter
423 837 474 881 quae
484 823 551 867 etiam
563 836 667 881 aquarum
677 820 768 866 insolita

103 885 236 946 magnitudo
249 887 271 930 in
290 886 418 946 religionem
434 901 514 931 versa:
533 901 584 931 narn
601 886 633 931 ita
649 883 768 931 abundavit

103 949 199 1002 Tiberis,
210 956 235 994 ut
242 949 288 994 ludi
296 950 441 1010 Apollinares,
450 947 519 997 Circo
525 949 639 1003 inundato,
645 956 708 995 extra
715 963 769 1009 por-

103 1021 151 1060 tam
164 1012 275 1060 Collinam
286 1014 314 1060 ad
325 1014 395 1059 aedem
407 1013 514 1073 Erycinae
525 1013 621 1059 Veneris
631 1015 701 1074 parati
712 1013 763 1059 sint.

104 1076 222 1126 Caeterum
240 1078 343 1123 ludorum
362 1079 410 1138 ipso
426 1079 468 1130 die,
488 1076 560 1123 subitis
574 1079 692 1124 serenitate
710 1075 767 1129 ortd,

103 1157 193 1203 pompa,
206 1142 256 1187 duci
267 1149 340 1202 coepta
351 1143 377 1187 ad
387 1149 475 1202 portam
485 1140 603 1194 Collinam,
616 1149 718 1187 revocata
728 1141 768 1186 de-

106 1207 217 1265 ductaque
227 1207 250 1250 in
263 1204 353 1252 Circum
369 1215 410 1258 est,
428 1221 479 1251 cum
497 1205 617 1251 decessisse
627 1206 679 1251 inde
689 1220 769 1265 aquarn

105 1271 232 1315 nuntiatum
247 1277 320 1316 essetz
339 1270 483 1330 laetitiamque
498 1270 579 1330 populo
597 1277 620 1315 et
637 1270 695 1315 ludis
711 1270 769 1316 cele-

104 1335 208 1380 britatem
225 1333 307 1380 addidit
326 1334 388 1380 sedes
405 1348 445 1380 sua
462 1333 555 1378 sollenni
574 1334 699 1395 spectaculo
718 1334 769 1380 red-

104 1398 158 1444 dita.
186 1425 188 1430 ·

138 1460 263 1508 XXXIX.
283 1459 400 1510 Claudiurn
409 1462 531 1514 consulem,
543 1460 666 1523 profectum
677 1461 767 1508 tandem

104 1527 133 1572 ab
141 1525 211 1578 Urbe,
223 1527 281 1572 inter
291 1534 368 1587 portus
376 1525 490 1573 Cosanum
502 1525 696 1586 Lauretanumque
702 1533 769 1572 atrox

105 1590 141 1635 vis
151 1591 288 1651 tempestatis
299 1591 376 1636 adorta
393 1591 416 1635 in
433 1597 518 1636 metum
535 1591 649 1651 ingentem
666 1590 765 1636 adduxit.

106 1652 244 1714 Populonios
252 1654 303 1700 inde
312 1669 362 1700 cum
369 1655 512 1715 pervenisset,
521 1655 662 1714 stetissetque
668 1655 705 1708 ibi,
715 1653 769 1699 dum

105 1719 214 1778 reliquum
225 1719 361 1780 tempestatis
372 1719 496 1770 exsaeviret,
510 1716 581 1764 llvarn
592 1719 693 1772 insulam,
706 1724 729 1765 et
740 1719 768 1764 ab

89 1823 91 1826 .
107 1780 157 1828 Ilva
169 1779 291 1836 Corsicam,
304 1797 317 1828 a
328 1780 420 1829 Corsica
436 1783 458 1826 in
471 1783 594 1828 Sardiniam
609 1784 701 1844 trajecit.
733 1781 768 1828 Ibi

105 1853 247 1906 superantem
259 1846 354 1892 Insanos
365 1853 459 1898 montes,
472 1847 543 1891 multo
560 1853 583 1892 et
598 1848 679 1892 sevior
694 1853 717 1892 et
734 1847 769 1891 in·
818 1859 823 1869 ·

105 1909 234 1956 festioribus
252 1911 307 1957 locis
325 1917 444 1973 tempestas
461 1911 544 1962 adorta,
565 1910 649 1972 disjecit
666 1911 766 1957 classem.

107 1974 192 2020 Multae
200 1982 309 2034 quassatae
317 1975 502 2034 armamentisque
510 1974 608 2034 spoliatae
615 1989 693 2020 naves:
707 1973 770 2034 quae-

107 2038 159 2083 dam
171 2038 255 2084 fractae.
292 2037 328 2084 Ita
341 2045 421 2085 vexata
436 2055 461 2084 ae
476 2039 571 2084 lacerata
587 2039 663 2084 classis
679 2036 770 2085 Carales

109 2103 196 2148 tenuit:
216 2103 251 2148 ubi
263 2103 314 2148 dum
332 2104 445 2149 subductae
462 2101 590 2148 reficiuntur
606 2118 681 2155 naves,
699 2103 770 2148 hiems

110 2167 233 2227 oppressit:
256 2167 456 2227 circumactumque
474 2167 526 2212 anni
543 2173 644 2227 tempus3
661 2173 690 2220 et,
709 2167 771 2212 nullo

109 2237 245 2292 prorogante
261 2231 384 2292 imperium,
400 2232 498 2292 privatus
508 2230 545 2276 Tr.
558 2229 663 2278 Claudius
679 2230 771 2276 classem

108 2293 207 2340 Romam
219 2294 312 2349 reduxit.
342 2295 377 2340 M.
390 2295 504 2348 Servilius,
516 2310 545 2341 ne
555 2295 694 2341 comitiorum
703 2292 770 2341 causi

108 2357 137 2404 ad
146 2355 231 2404 Urbem
240 2367 386 2412 revocaretur,
400 2359 505 2405 dictatore
514 2359 572 2404 dicto
582 2358 610 2406 C.
621 2359 714 2406 Servilio
722 2359 771 2404 Ge-

108 2423 177 2475 mino,
197 2423 220 2466 in
237 2424 372 2484 provinciam
386 2431 420 2468 est
435 2423 554 2485 profectus·
581 2423 686 2470 Dictator
696 2423 769 2484 magi-

109 2493 180 2532 strum
190 2488 287 2546 equitnm
297 2487 324 2532 P.
334 2487 420 2532 AElium
429 2487 519 2533 Paetum
526 2487 588 2532 dixit.
607 2489 672 2549 Saepe
680 2489 769 2534 comitia

108 2550 192 2596 indicta
201 2550 275 2610 perfici
287 2557 428 2612 tempestates
436 2552 607 2611 prohibuerunt:
625 2553 705 2613 itaque,
718 2566 769 2598 curn

109 2613 179 2676 pridie
193 2615 242 2660 idus
253 2615 347 2660 Martias
363 2623 449 2660 veteres
460 2616 591 2676 magistratu
601 2617 704 2669 abissent,
716 2615 770 2661 noui

110 2677 195 2725 suffecti
204 2693 249 2725 non
258 2687 338 2734 essent,
351 2679 472 2740 respublica
480 2679 527 2726 sine
535 2681 645 2728 curulibus
653 2681 770 2742 magistra-
