1850 2917
145 145 198 190 126
260 137 291 187 Τ.
305 136 393 188 LIVII
408 137 462 188 er.
475 138 573 189 XXVI.
591 139 652 192 Car,
666 139 706 190 112

149 269 216 319 bant:
235 283 350 332 vagosque
365 269 388 314 in
403 269 446 316 uiis
466 285 519 317 suos
533 286 575 334 pro
592 271 692 318 hostrbus
709 268 818 332 lspiffibut

151 336 244 395 telisque
258 335 403 394 incessebant.
439 334 490 381 Nec
501 336 616 397 comprimi
626 335 735 381 tumultus
744 334 818 396 aperi·

72 451 75 458 ,
152 401 215 461 rique
225 415 287 445 error
297 405 390 460 poterat,
408 397 495 446 refertis
504 400 618 446 itineribus
626 400 747 462 agrestium
755 397 820 446 turb!

152 479 308 527 pecorumque,
325 478 377 523 quae
395 465 523 524 repentinus
537 480 607 526 paror
621 465 645 509 in
662 465 739 510 urbem
755 477 820 508 coru·

153 531 246 591 pulerat.
282 527 393 588 Equestre
402 529 507 589 proelium
518 529 638 575 secundum
652 527 701 581 luit,
719 541 821 585 srmnnog

156 595 217 654 tique
227 594 303 638 hostes
314 599 377 638 sunt:
398 601 427 645 et,
445 594 497 652 quia
507 594 582 639 multis
592 594 647 639 locis
661 591 821 654 comprimendi

156 658 265 706 tumultus
273 663 343 710 erant,
352 657 391 716 qui
400 665 485 703 temere
494 658 625 710 oriebantur,
634 657 723 718 placuit,
733 670 821 731 ompes,

155 738 193 784 qur
186 722 326 772 dictatores,
339 721 448 774 consules,
460 736 592 768 censoresve
601 721 702 773 fuissent,
714 735 767 766 curn
777 720 824 766 irn-

155 787 217 849 pen'o
228 800 284 837 esse,
302 786 372 831 donec
384 786 511 831 recessisset
521 801 535 832 a
544 785 613 831 muris
624 785 701 830 bostis·
735 783 770 829 Et
777 784 823 830 diei

156 851 217 926 quod
227 850 334 909 reliquum
345 849 394 902 fuit,
411 856 434 895 et
445 857 511 896 nocte
520 850 651 909 insequenti,
662 847 727 894 multi
736 854 824 895 temere

155 914 246 962 excitati
256 913 365 959 tumultus
376 919 434 966 sunt,
447 914 617 975 compressique

190 976 236 1024 XI.
256 975 351 1022 Postero
366 977 401 1021 die
416 984 569 1038 transgressus
581 977 693 1024 Anienem
707 947 826 1024 Hannibal

157 1043 181 1090 in
189 1041 258 1088 aciem
270 1055 348 1086 omnes
359 1041 432 1101 copias
443 1041 531 1087 eduxit:
550 1056 592 1088 nec
603 1040 697 1088 Flaccus
706 1041 826 1088 conrades-

158 1121 202 1168 que
215 1111 327 1151 certamen
342 1103 500 1152 detrectavere.
534 1103 652 1152 Instructis
662 1105 826 1164 utrimqueex·

158 1168 285 1218 eroitibus'
279 1182 303 1213 ιιι
321 1169 368 1229 ejus
381 1183 465 1230 pugnae
481 1184 564 1222 orsum,
580 1171 605 1215 iu
621 1167 665 1229 quis
680 1170 732 1215 urbs
745 1168 827 1216 Roma

158 1233 239 1281 victori
249 1233 365 1308 praemium
377 1239 443 1286 esset,
455 1233 540 1279 imber'
534 1248 615 1296 urgens
624 1230 826 1309 grapdinemixtus

159 1299 191 1345 ita
201 1304 317 1356 utramque
328 1297 397 1342 aciem
410 1298 513 1350 turbarit,
531 1304 557 1342 ut
570 1297 609 1343 vix
621 1297 688 1343 armis
698 1297 808 1343 retentis
800 1313 826 1344 ιιι

160 1368 233 1411 castra
244 1375 292 1406 sese
303 1361 432 1422 receperint,
451 1362 532 1407 nullius
543 1362 575 1407 rei
584 1362 677 1413 minore,
694 1375 759 1421 quam
770 1362 827 1408 bos'-

160 1428 225 1480 tium,
243 1432 311 1470 metu.
347 1425 380 1471 Et
396 1432 485 1486 postero
501 1425 536 1472 die
553 1425 632 1472 eodem
649 1425 700 1471 loco
715 1424 774 1470 acies
790 1425 829 1471 iu·

160 1497 257 1540 structas
268 1490 345 1536 eodem
356 1497 477 1550 tempestas
486 1489 586 1538 diremit:
605 1489 642 1536 ubi
656 1489 791 1550 recepissent
801 1505 829 1537 se

162 1557 186 1602 in
197 1562 276 1607 castra,
294 1555 351 1599 mira
361 1554 468 1599 serenitas
478 1569 529 1599 curn
540 1550 697 1614 tranquillitate
707 1553 827 1600 oriebatur.

160 1619 193 1668 ln
204 1619 334 1680 religionem
342 1633 368 1664 ea
376 1633 411 1663 res
419 1617 476 1679 apud
485 1616 570 1663 Poenos
577 1633 642 1664 versa
649 1624 696 1664 est:
709 1609 830 1678 auditaque

162 1699 209 1732 uox
222 1683 354 1728 Hannibalis
364 1679 468 1735 fertur,‘
470 1680 605 1728 ‘Potiundae
619 1681 659 1728 srbi
673 1681 733 1727 urbis
743 1681 830 1729 Romae

163 1749 232 1795 modo
241 1753 340 1792 mentem
351 1761 396 1792 non
407 1746 460 1800 dari,
472 1746 540 1792 modo
549 1744 689 1792 fortunam.”
720 1743 831 1794 Minoem

164 1813 231 1860 etiam
240 1825 301 1872 spem
309 1812 388 1878 ejuset
397 1811 453 1863 aliae,
465 1825 672 1873 parramagnaque,
684 1825 733 1856 res.
745 1824 832 1872 magns

164 1877 208 1931 illa,
226 1875 292 1938 qnod,
310 1876 418 1936 cumipse
433 1874 460 1920 ad
475 1876 559 1922 moenia
569 1875 628 1921 urbis
638 1874 720 1921 Romae
730 1882 832 1924 armsbrr

107 1975 111 1982 .
163 1941 259 1993 sederet,
277 1939 357 1986 milites
374 1939 414 1986 sub
432 1939 542 1986 vexillis
536 1955 560 1986 ru
579 1941 754 2001 supplementum
771 1937 833 1986 Hu-

165 2006 238 2068 paniae
252 2003 363 2066 profectos
377 2003 474 2051 audivit:
492 2019 560 2066 parra
574 2012 655 2057 sutem,
672 2003 732 2063 quod
741 2018 781 2064 per
792 2014 834 2050 eos

165 2069 214 2118 dies
230 2083 282 2114 eum
300 2066 358 2115 forte
373 2083 459 2130 agrurn,
476 2069 501 2115 in
519 2085 563 2130 quo
579 2070 628 2131 ipse
642 2075 715 2116 castra
732 2068 833 2122 heberet,

167 2129 265 2184 venisse,
282 2132 336 2177 nihil
353 2132 381 2179 ob
399 2133 422 2178 id
440 2134 554 2180 derninuto
571 2134 650 2196 pretio,
667 2133 783 2194 cognitum
802 2147 834 2179 ex

167 2196 263 2257 quodam
277 2196 365 2256 captivo
380 2204 421 2242 est.
456 2195 494 2243 Id
500 2213 554 2244 vero
569 2197 623 2244 adeo
638 2198 756 2259 superbum
766 2203 835 2258 etque

167 2260 285 2322 iudignum
302 2260 382 2314 visum,
399 2262 447 2322 cJ'us
463 2261 512 2315 soli,
530 2261 612 2321 quod'
606 2277 654 2323 rpse
669 2261 727 2308 bello
742 2268 834 2322 captatur

168 2325 292 2386 possideret
312 2324 450 2384 haberetque,
474 2325 590 2370 inventum
608 2324 691 2372 Romae
708 2331 835 2383 emtorem,

168 2396 201 2442 ut,
219 2388 331 2448 extemplo
346 2396 426 2436 vocato
441 2404 552 2451 praecone,
569 2390 671 2436 taborum
688 2389 834 2462 argentarius,

169 2465 221 2512 quae
231 2452 289 2498 circa
299 2449 372 2498 forum
383 2452 512 2499 Romanum
526 2461 580 2500 tunc
595 2459 676 2505 essent,
689 2452 781 2514 J'usserit
793 2468 835 2499 ro·

168 2515 228 2564 nire.
259 2514 305 2561 His
319 2521 394 2562 motus
408 2517 436 2562 ad
450 2516 541 2564 Tutiam
556 2517 650 2564 flurium
665 2523 736 2563 castra
750 2515 834 2571 retudit

169 2593 210 2625 sex
220 2579 289 2626 millia
298 2594 402 2640 passuum
413 2581 440 2626 ab
449 2579 526 2627 Urbe:
544 2582 596 2628 inde
605 2581 634 2627 ad
643 2581 717 2627 lucrnn
729 2577 834 2628 Feronia

168 2643 242 2708 pergit
256 2643 295 2700 ire,
313 2645 420 2707 templum
433 2641 460 2694 sd
473 2651 606 2708 tenpestate
618 2646 727 2707 inclytum
741 2643 834 2696 divitib-
