1850 2917
171 154 215 199 90
286 142 586 195 nalvnnnxxv
605 138 720 196 Oudd-

173 242 297 327 tenentium
309 293 385 325 muros
395 286 526 341 partemque
535 278 610 337 urbia,
627 277 701 324 omnia
711 272 782 333 teneri
792 284 844 323 επεὶ

174 344 238 391 todea
249 345 298 397 rati,
308 344 344 390 alii
354 358 393 405 per
404 360 493 391 murum
506 344 592 406 hagene.
607 343 643 390 alii
656 342 722 389 salire
731 341 759 397 de
769 356 842 395 muro,

174 410 350 487 praecipitarique
361 406 425 455 turbd
436 410 572 471 paventium.
607 408 696 470 Magna
706 422 758 468 para
767 414 844 453 tamen

175 475 254 535 ignara
264 476 320 521 tanti
333 474 384 519 mali
397 472 771 536 erat,etgravatianmu1huavrnn
782 486 845 517 som-
912 499 913 502 =

176 554 257 599 noque,
270 546 299 592 et,
312 539 335 583 in
347 546 416 585 vastae
425 539 584 615 magnitudinis
594 539 655 591 urhe,
669 536 765 598 partium
776 549 846 581 aenan

176 618 223 649 non
234 604 288 649 satis
298 604 438 665 pertinente
432 618 456 649 ra
469 604 551 649 omnia.
586 603 633 650 Sub
645 603 703 655 luce,
721 599 846 661 Hexapylo

177 667 275 721 effracto,
289 668 419 722 Marcellus
437 666 540 715 omnibus
554 668 622 729 copia
632 666 726 713 urbem'
719 680 845 728 ingrannus,

176 734 283 780 excitavit
293 734 448 795 convertitque
455 748 534 779 omnes
542 732 570 779 ad
577 747 639 778 arma
645 730 758 793 capienda,
767 745 847 791 opem-

177 813 227 859 que,
241 798 333 859 siquam
344 800 462 861 poscentj
463 814 499 844 am
507 804 578 860 captae
587 812 656 859 prope
663 796 711 843 urbi
720 794 845 841 ferendam.

178 862 299 925 Epicydea,
312 864 339 909 ab
351 861 435 917 Inculti,
451 878 517 924 quam
529 862 571 924 ipsi
583 861 663 908 Nason
675 867 765 912 vocant,
777 860 850 906 citato

178 927 292 991 profectus
301 928 396 990 agmine,
406 928 466 974 haud
477 927 562 980 dubiae,
573 928 628 987 quin
638 941 727 988 paucos,
739 940 779 987 per
789 938 850 987 neg-

179 992 295 1054 ligentiam
306 993 423 1038 custodum
435 1000 587 1053 transgressos
601 1006 689 1037 mamm
690 990 850 1055 ..expulsurus

179 1056 246 1111 soret,
267 1058 432 1104 occurrentibus
450 1056 542 1119 pavidis,
561 1057 682 1102 tumultum
700 1070 784 1117 augere
799 1070 849 1108 eoa,

180 1122 291 1175 dictitans,
307 1128 331 1167 et
344 1123 428 1184 majora
441 1136 469 1168 ac
486 1120 616 1167 terribiliora
625 1136 679 1166 vero
689 1119 773 1173 afferre,
785 1128 853 1182 post-

180 1202 247 1248 quam
259 1186 373 1248 conapexit
384 1186 459 1233 omnia
469 1186 527 1232 circa
537 1185 645 1247 Epipolas
655 1184 722 1231 annia
729 1186 851 1247 completa,

180 1252 283 1299 lacessito
304 1258 391 1297 tanturn
412 1251 477 1297 hoste
497 1250 574 1312 paucis
596 1249 720 1310 mispilibus,
743 1257 805 1295 retro
827 1252 852 1296 in

181 1316 331 1363 Achradinam
346 1330 427 1377 agmen
443 1316 562 1369 convertit,
578 1329 625 1360 non
635 1322 681 1360 tarn
690 1314 737 1359 vim
747 1315 854 1361 multitu-

181 1380 301 1439 dinemque
315 1380 411 1425 hnatium
426 1388 535 1433 metucns,
553 1395 622 1441 quarn
637 1394 666 1425 ne
683 1394 727 1439 qua
744 1379 854 1426 intestina

180 1445 241 1492 fraus
252 1460 292 1506 per
302 1445 440 1491 occasionem
449 1446 551 1499 oriretur,
562 1446 692 1505 clausasque
699 1444 853 1491 intertumul-

182 1518 230 1557 tum
240 1509 374 1557 Achradinae
385 1516 452 1570 atque
461 1508 545 1557 Inaulae
552 1511 663 1557 inveniret
672 1516 755 1571 portas.
785 1508 854 1556 Mar·

181 1575 258 1629 cellas,
271 1582 303 1629 ut,
315 1575 399 1621 moenia
407 1574 530 1655 ingreaapa,
547 1590 576 1622 ex
588 1575 735 1637 superioribus
745 1574 803 1620 locis
814 1588 854 1620 ur-

182 1641 240 1693 bem,
261 1642 361 1687 omnium
377 1638 448 1685 ferme
465 1638 504 1686 illi
522 1648 653 1702 tempestate
670 1639 851 1701 pulcherrimam,

183 1706 303 1766 subjectam
323 1705 392 1751 oculis
409 1704 471 1758 vidit,
491 1704 641 1767 illacrymdaae
658 1704 744 1757 dicitur,
769 1704 854 1765 partim

182 1770 264 1833 gaudio
281 1776 349 1816 tantae
365 1776 498 1831 perpetratae
515 1771 554 1824 rei,
573 1769 653 1831 partim
670 1766 760 1815 vetusti
777 1768 859 1831 glorii

182 1836 249 1881 urhis.
275 1834 447 1881 Atheniensium
456 1836 538 1881 claaaea
546 1835 660 1886 demersae,
667 1834 854 1895 ctduoingentea

182 1901 293 1949 exercitus
302 1914 353 1947 cum
363 1900 449 1947 duobus
457 1900 583 1947 clansaimia
591 1896 762 1953 ducihuadeleti,
771 1914 854 1946 occur-

98 1996 100 2002 *
184 1967 267 2019 rebant,
280 1972 302 2012 et
312 1972 347 2011 tot
356 1966 414 2011 bella
423 1981 475 2011 cum
487 1964 708 2027 Carthaginieuaihus
719 1971 783 2011 tanto
798 1980 853 2011 cum

182 2030 309 2077 discrimine
319 2038 397 2092 genta
415 2037 505 2077 tottam
517 2030 615 2092 opulenti
626 2030 715 2090 tyram
726 2044 853 2091 regesque

183 2100 264 2156 praeter
280 2102 374 2141 ceteros
390 2094 472 2149 Hiero,
489 2110 541 2141 cum
559 2095 718 2141 recentiau'mae
736 2095 855 2142 memoriae

183 2172 231 2210 rex,
249 2164 297 2203 turn
314 2166 366 2206 ante
382 2161 463 2215 omnia,
481 2176 533 2221 quae
548 2161 620 2206 virtue
636 2175 656 2206 er
649 2158 802 2234 'fortunaque
812 2174 855 2207 aua

184 2222 280 2275 dederat,
298 2222 434 2269 beneflciis
427 2238 452 2271 rn
472 2225 579 2287 populum
595 2224 753 2270 Rcmmum'
746 2224 852 2286 maignis.

183 2286 220 2333 Ea
230 2302 282 2333 cum
297 2289 401 2335 universa
414 2296 557 2337 occurrerent
569 2290 652 2342 auimo,
671 2289 797 2364 subiretque
813 2303 853 2336 cc—

184 2352 270 2413 gitatin,
279 2353 326 2414 jam
340 2352 377 2398 illa
388 2362 504 2401 momento
518 2356 580 2401 horae
594 2369 672 2401 arsura
685 2354 767 2407 omnia,
784 2361 808 2400 et
823 2356 854 2401 ad

97 2416 99 2426 '
183 2415 269 2462 cinerea
281 2417 390 2474 reditura;
383 2418 528 2529 ,priusquam
540 2421 605 2482 rigna
616 2418 767 2466 Achradinam
775 2419 854 2465 anno·-

183 2487 253 2534 veret,
267 2481 383 2541 praemittit
414 2498 556 2543 yracuaanna,
573 2486 611 2545 qui
622 2484 681 2531 intra
690 2484 793 2545 praesidia
802 2484 854 2531 ltn-

184 2558 251 2590 mana
265 2546 302 2607 (ut
318 2552 370 2592 ante
386 2546 471 2593 dictum
480 2546 526 2607 eat)
542 2548 638 2602 fuerant,
655 2556 681 2595 ut
696 2549 793 2613 alloquin
806 2549 852 2595 imi

184 2608 312 2671 pellicerent
323 2611 398 2657 hostes
409 2613 437 2658 ad
447 2613 570 2659 dedendam
577 2614 662 2660 urbem.
743 2632 746 2636 ·

218 2672 301 2721 XXV.
312 2674 572 2727 TenebantAchradinoe
583 2686 660 2741 portas
670 2694 791 2741 mutuaque
802 2694 851 2727 ma·
