1850 2917
173 139 221 182 100
286 135 315 184 Τ.
330 133 419 184 LlVlI
431 133 489 186 Ins.
501 135 588 188 XXV.
608 135 668 188 cta
681 135 721 185 8ss

172 264 238 320 filius,
250 273 274 313 et
285 266 366 332 Mago,
374 265 500 332 'conjunctis
510 269 595 324 nestris,
607 268 706 330 qrtinque
713 265 786 312 sume
795 263 847 313 dis-

172 345 222 376 sum
235 331 278 378 iter
293 333 321 380 ab
331 333 442 381 Romanis
452 336 550 381 uberem.
585 333 681 396 Propior
690 339 740 379 ent
750 329 845 385 Hamil*

171 395 228 459 petit
238 397 298 448 filim
312 396 447 452 Hndmut
465 406 531 457 yetus
544 400 568 444 in
583 395 695 460 Hispnuii
703 397 842 457 imperator:

170 460 199 506 sd
210 462 287 509 urbem
298 463 389 510 nomine
399 464 523 526 Auitorgin
530 464 652 511 exerciturm
660 462 759 508 babebat·
778 459 844 506 Eum

170 524 276 573 volebant
292 527 353 588 prius
368 529 461 590 opprimi
478 529 547 575 duces
560 528 672 574 Romani:
691 532 715 572 et
729 539 780 586 spes
794 530 846 570 eunt

170 590 226 636 sutis
240 605 350 653 superque
364 593 392 638 nd
406 593 429 640 id
442 593 599 640 viriumessez
617 593 656 639 iiln
669 592 765 637 restabat
779 603 844 642 nnn,

171 669 207 710 ne,
225 654 276 702 fuso
295 671 322 703 eo
338 657 440 718 perculsi,
458 658 514 705 ulter
530 657 659 704 Hasdrubal
677 662 700 702 et
719 654 800 715 Mngo,
817 653 845 698 in

170 719 234 767 avios
251 721 320 768 nitus
338 729 469 783 montesque
486 723 617 785 recipientes
631 719 787 774 sese‘bellum
797 731 846 764 ex-

171 785 291 832 traherent.
327 785 444 848 Optimum
459 788 529 849 igitur
540 788 589 841 reti,
606 787 683 833 divisis
692 784 792 831 bifariam
803 797 846 829 co-

171 849 221 910 piis,
239 851 308 896 totius
319 851 385 897 simul
393 851 512 914 Hispuniae
522 853 625 914 amplecti
634 851 724 904 belluim
741 849 774 894 iu
782 849 846 894 inter

171 929 197 963 se
211 913 341 970 diuiserunt,
359 923 385 962 ut
400 916 427 962 P.
439 915 559 966 Cornelius
573 916 628 963 duas
642 922 716 977 portes
729 912 846 959 exercitus

172 977 329 1025 Romnuorum
338 981 493 1042 sociorumque
502 982 608 1028 sdverssrs
617 981 743 1041 Magonem
751 978 846 1023 duceret

171 1049 240 1103 etque
255 1043 433 1104 Hasdrubalem
451 1045 496 1094 Cn.
510 1045 630 1094 Cornelius
640 1060 692 1092 cum
703 1041 768 1090 tertii
778 1048 847 1103 purte

172 1108 254 1154 veteris
262 1110 380 1163 exercitlls,
391 1109 509 1158 Celtiberis
516 1111 631 1174 adjunctis,
640 1125 691 1155 oum
700 1107 846 1154 Hssdrubsle

171 1171 271 1218 Barcino
285 1174 367 1220 bellum
382 1184 477 1237 gereret.
513 1173 568 1222 unt
584 1175 677 1237 profecti
693 1174 758 1220 umbo
772 1171 845 1218 duces

171 1238 334 1299 exercitusque,
358 1237 476 1288 Celtiberis
493 1240 697 1303 praegredientibus,
717 1237 746 1283 nd
764 1236 846 1282 urbem

173 1302 304 1364 Auitorgin,
317 1303 340 1348 in
351 1313 472 1366 conspectu
483 1306 587 1358 bostium,
595 1305 712 1350 dirimente
722 1302 790 1354 nmui,
802 1315 846 1362 po-

173 1373 231 1412 nunt
248 1374 327 1414 cestre„
363 1367 397 1415 lbi
409 1369 453 1418 Cn.
468 1371 550 1432 Scipio,
567 1384 620 1415 cum
634 1369 714 1428 quibus
728 1365 846 1413 sote-din-

124 1441 127 1448 '
174 1438 222 1478 tum
242 1439 277 1479 est
292 1433 368 1495 copiis,
386 1435 491 1489 substitit,
508 1443 532 1482 et
548 1434 576 1480 P.
590 1433 665 1495 Scipio
683 1431 798 1495 profectus
814 1431 846 1477 nd

174 1496 305 1544 destinatum
316 1499 369 1546 belli
378 1507 471 1560 purtem.

172 1586 175 1595 ι
207 1561 334 1608 XXXIII.
354 1563 483 1612 Hasdrubal
491 1571 609 1627 postquam
620 1561 782 1621 animadvertit,
795 1561 846 1609 exl-
919 1614 922 1618 .

172 1642 244 1690 guum
255 1627 386 1674 Romanum
393 1631 516 1676 exercitum
523 1631 547 1676 in
555 1631 640 1682 cestris,
649 1635 675 1674 et
681 1642 744 1689 spem
752 1640 847 1673 omnem

172 1693 197 1738 in
214 1690 378 1740 Celtiberorum
394 1695 481 1741 auxiliis
496 1710 560 1752 esse3
576 1694 661 1756 peritus
677 1692 751 1738 omnis
762 1691 847 1737 bubn-
915 1741 921 1750 Ι

173 1757 234 1810 rioae,
244 1763 267 1803 et
277 1758 388 1820 praecipue
400 1755 722 1823 [omnium]enmmgentinm,
734 1755 848 1816 inquibus

172 1835 215 1884 per
228 1828 264 1868 tot
278 1837 349 1868 annos
365 1824 479 1878 militabat,
496 1823 600 1886 pertidiae,
616 1822 675 1869 incili
685 1822 771 1882 lingue
781 1835 847 1866 com-

171 1887 265 1941 mercio,
278 1903 330 1934 oum
338 1895 431 1948 utraque
441 1897 513 1936 cnstrn
521 1889 586 1951 pleno
594 1887 748 1949 Hispanorum
759 1892 846 1938 miv
915 1937 921 1945 ,

174 1967 215 2014 per
225 1953 313 1999 occultu
323 1953 432 2014 colloquia
446 1954 564 2014 paciscitur
578 1950 661 2015 magni
675 1951 777 1998 mercede
791 1965 847 1997 oum

174 2015 339 2075 Celtiberorum
359 2019 500 2081 principibus,
524 2025 550 2064 ut
568 2019 642 2079 copies
657 2016 709 2062 inde
724 2015 844 2062 abducent.
916 2023 920 2077 j

175 2080 227 2128 Neo
238 2090 302 2129 atrox
313 2084 386 2128 visum
396 2082 496 2130 facinus:
515 2097 561 2129 non
572 2083 639 2135 enim,
656 2081 715 2126 utin
726 2080 848 2127 ansnos
915 2088 918 2093 “

174 2152 366 2200 verterentnrms,
384 2149 505 2209 egebstur3
521 2155 647 2200 etmernes,
664 2152 748 2207 qusnts
757 2145 795 2191 vel
805 2159 848 2206 pro
923 2145 924 2148 ’

174 2209 234 2257 bello
242 2211 296 2256 satis
306 2218 372 2266 esset,
385 2213 484 2266 debemur,
496 2227 526 2259 ne
534 2213 617 2258 bellum
627 2217 745 2272 gererentz
759 2217 782 2255 et
793 2199 847 2256 cumi

173 2275 239 2336 quies
257 2275 312 2336 ipsa,
329 2283 377 2322 tum
397 2277 481 2323 reditus
498 2277 591 2325 domim
608 2275 738 2334 fructusque
755 2273 849 2320 videndi

174 2355 229 2387 suos
241 2353 330 2400 sueque,
348 2347 413 2402 grute
422 2342 493 2403 vulgo
503 2348 574 2389 eraut.
609 2333 689 2399 itaque
699 2354 746 2384 non
754 2339 849 2385 ducibus
915 2396 921 2405 Α

175 2403 269 2459 uetitus,
287 2419 353 2464 quam
368 2405 512 2459 multitudini,
529 2421 658 2468 persuasum
673 2411 720 2450 est:
740 2403 808 2450 simul
818 2418 849 2450 ne

173 2475 251 2515 metus
261 2469 350 2528 quidem
358 2471 385 2516 nb
396 2470 507 2518 Romanis
517 2479 572 2524 eret,
584 2471 665 2532 quippe
673 2476 720 2516 tum
730 2469 816 2530 psucis,
829 2469 849 2515 si
914 2468 924 2496 Τ

174 2533 199 2579 -vi
208 2533 334 2580 retinerent.
370 2533 399 2581 ld
407 2535 496 2595 quidem
506 2537 630 2583 cavendum
641 2549 728 2596 semper
736 2533 849 2580 Romnnis

178 2597 270 2643 ducibus
286 2598 335 2652 erit,
353 2599 500 2662 exemplaque
515 2603 564 2647 baec
581 2615 635 2648 vere
649 2615 691 2661 pro
706 2598 849 2646 documentis

176 2661 284 2717 habende,
302 2677 331 2710 ne
340 2663 373 2712 itn
382 2667 481 2714 externis
491 2665 686 2720 nedmteuxiliie
704 2663 851 2727 utnouplue
915 2724 924 2738 .,
