1850 2917
211 145 343 196 T.L1v11
360 147 412 196 Lm.
426 149 511 196 XXX.
531 148 590 198 Cir.
604 153 643 195 41.
716 149 766 195 405

99 279 144 326 sibi
153 278 231 326 Africa
238 280 326 327 decreta
334 287 399 334 esset,
408 280 544 326 concedente
549 278 642 341 collegi,
651 278 766 324 moderato

98 345 154 390 viro
165 352 187 390 et
202 345 320 406 prudenti3
337 345 375 404 qui
386 345 463 406 gloriae
474 346 522 406 ejus
532 352 642 390 certamen
653 358 705 389 cum
717 343 766 389 Sci-

97 409 177 469 pione,
189 410 405 469 praeterquamquod
418 409 519 468 iniquum
536 416 601 461 esset,
618 409 685 454 etiam
695 407 767 468 imper

97 471 203 537 iuturum
216 469 324 518 cernebat.
350 473 382 526 Q.
390 473 507 520 Minucius
517 473 629 519 Thermus
639 479 663 519 et
673 472 766 518 Manius

99 537 192 582 Acilius
210 537 309 590 Glabrio,
325 538 406 583 tribuni
422 538 499 598 plebis,
517 545 533 567 ‘⁴
545 553 599 591 rem,
617 537 690 598 priore
706 550 766 582 anno

98 602 251 661 nequidquam
270 608 377 648 tentatam
392 604 423 648 ab.
434 601 471 648 Ti.
486 601 580 650 Claudio
598 602 696 654 consule,
718 599 762 647 Cn.

101 663 236 712 Cornelium
245 665 356 719 tentare,'’
373 667 465 712 aiebant.
502 673 517 695 “
529 665 569 712 Ex
578 667 709 712 auctoritate
719 664 766 711 Pa·

98 736 162 774 trum
173 729 243 776 latum
254 730 282 776 ad
292 729 397 791 populum
412 745 468 783 esse,
480 732 544 792 quus
554 731 637 776 vellent
647 730 764 791 imperium

98 793 124 838 in
141 789 223 838 Africi
239 809 294 840 esse.
334 794 420 840 O'mnes
434 795 531 855 quinque
548 802 571 841 et
587 796 680 856 triginta
694 795 765 840 tribus

99 855 129 902 P.
144 857 241 918 Scipioni
251 858 274 904 id
284 858 399 920 imperium
412 857 549 905 ἀφήσω’(
573 859 655 904 Multis
672 865 767 905 conten-

98 921 199 967 tionibus
207 929 229 967 et
237 923 260 967 ln
269 930 346 968 senatu
355 930 378 968 et
386 923 413 968 ad
423 924 529 984 populum
538 930 593 976 acta,
606 939 641 969 res
652 930 765 984 postremo

98 1001 127 1032 eo
137 985 232 1032 deducta
239 993 279 1039 est,
292 994 317 1032 ut
326 987 410 1032 senatui
420 988 580 1048 permitterent.
607 986 687 1034 Patres
696 988 766 1048 igitur

93 1049 166 1112 jurati
185 1051 227 1112 (ita
239 1050 298 1096 enim
311 1049 455 1110 convenerat)
468 1058 607 1105 censuerunt,
619 1053 653 1097 uti
663 1053 766 1098 consides

98 1113 226 1176 provincias
243 1115 300 1161 inter
315 1129 339 1161 se
355 1123 515 1176 compararent,
532 1117 698 1169 sortirenturve,
715 1122 765 1162 uter

100 1177 198 1230 Italiam,
216 1185 266 1226 uter
280 1179 372 1224 classem
387 1180 476 1225 navium
491 1180 652 1241 quinquaginta
664 1181 762 1226 baberet.

100 1241 147 1290 Cui
161 1243 237 1288 classis
249 1244 381 1296 obvenisset,
398 1244 422 1288 in
433 1244 530 1290 Siciliam
541 1246 672 1306 navigaret:
690 1245 709 1289 si
719 1260 764 1305 pax

99 1321 152 1352 cum
164 1303 383 1368 Carthaginiensibus
391 1309 494 1368 componi
503 1309 622 1368 nequisset,
631 1309 655 1354 in
663 1309 763 1356 Africam

98 1371 217 1432 trajiceret.
254 1370 340 1418 Consul
356 1372 419 1424 marl,
437 1372 512 1432 Scipio
525 1372 611 1426 eodem,
628 1389 673 1433 quo
683 1373 762 1427 adhuc,

93 1435 148 1496 jure
158 1435 243 1495 imperii
254 1434 319 1489 terri,
331 1451 378 1482 rem
389 1445 484 1496 gereret.
520 1437 545 1482 Si
557 1437 694 1483 conditiones
709 1452 763 1482 con-

97 1499 201 1544 venirent
211 1501 278 1560 pacis,
287 1500 368 1546 tribuni
375 1501 444 1560 plebis
451 1501 558 1561 populum
566 1508 678 1562 rogarent,
687 1509 762 1548 utmm

98 1563 222 1617 consulem,
239 1579 268 1610 an
279 1563 306 1609 P.
319 1564 452 1624 Scipionem,
459 1565 563 1626 juberent
573 1580 650 1626 pacem
661 1566 713 1611 dare
719 1583 731 1623 ς
739 1575 762 1613 et

98 1642 173 1688 quem,
191 1629 210 1674 si
226 1627 375 1689 deportandus
390 1629 585 1680 exercituavietor
595 1644 624 1675 ex
635 1627 713 1676 Africi
726 1646 762 1676 es-

98 1699 140 1744 set,
153 1692 275 1752 deportare.
311 1693 335 1739 si
346 1707 422 1752 pacem
433 1707 473 1754 per
484 1692 511 1737 P.
524 1693 651 1754 Scipionem
661 1694 714 1748 dari,
727 1704 763 1742 at-

98 1771 142 1816 que
153 1755 179 1802 ab
190 1757 267 1802 eodem
279 1757 400 1802 exercitum
412 1753 521 1817 deportari
528 1758 654 1818 jussissent,
666 1774 696 1804 ne
706 1775 762 1806 con-

99 1821 134 1866 sul
151 1834 180 1866 ex
198 1819 272 1866 Sicilid
285 1821 309 1866 in
325 1819 424 1866 Africam
440 1821 557 1882 trajiceret.
591 1822 658 1868 Alter
675 1825 760 1877 consul,

99 1885 134 1930 cui
146 1883 211 1930 Italia
222 1885 339 1938 evenisset,
357 1885 411 1931 duas
425 1885 526 1946 legiones
536 1899 550 1931 a
560 1885 597 1931 M.
611 1887 689 1933 Sextio
702 1904 762 1950 prae-

97 1957 147 1996 tore
158 1949 272 2009 acciperet.
758 1982 760 1986 -

131 2010 200 2058 XLI.
221 2013 300 2060 Publio
316 2013 413 2075 Scipioni
427 2029 479 2060 cum
494 2015 633 2069 exercitibus,
651 2031 707 2076 quos
721 2018 761 2065 ba-

98 2079 166 2130 beret,
190 2077 213 2122 in
234 2075 348 2139 provincii
370 2077 447 2124 Africi
467 2087 612 2140 prorogatum
634 2081 758 2141 imperium.

100 2141 194 2187 Praeton'
205 2141 241 2188 M.
252 2141 343 2191 Valerio
352 2141 440 2188 Faltoni
452 2144 503 2188 duae
512 2143 613 2204 legiones
622 2144 646 2189 in
657 2144 759 2201 Bruttiis,
828 2183 830 2197 .

99 2206 175 2266 quibus
186 2203 212 2252 C.
225 2205 304 2252 Livius
314 2207 387 2267 priore
395 2221 453 2253 anno
461 2207 586 2269 praefuerat,
599 2208 711 2266 decretae3
728 2211 756 2256 P.

99 2269 173 2316 AElius
187 2277 271 2331 praetor
284 2271 339 2317 duas
355 2272 456 2334 legiones
473 2273 496 2316 in
515 2271 589 2318 sicilia
605 2274 632 2318 ab
647 2272 691 2321 Cn.
702 2274 761 2322 Tre-

99 2335 171 2380 mellio
182 2335 297 2396 acciperet.
327 2334 400 2396 Legio
409 2351 453 2382 una
464 2335 501 2381 M.
513 2335 582 2384 Fabio
592 2337 615 2382 in
627 2338 758 2394 Sardiniam,

99 2414 162 2459 quam
174 2398 202 2444 P.
213 2398 325 2460 Lentulus
335 2415 375 2460 pro
386 2407 483 2460 praetore
493 2401 611 2455 habuisset,
625 2403 758 2450 decernitur.

100 2463 135 2508 M.
154 2463 249 2509 Servilio
267 2463 346 2524 prioris
364 2465 416 2509 anni
432 2465 525 2516 consuli,
542 2481 594 2511 cum
613 2467 659 2513 suis
675 2468 761 2516 duabus

98 2528 149 2572 item
157 2527 288 2588 legionibus,
300 2527 324 2572 in
335 2525 426 2573 Etrurii
436 2536 581 2589 prorogatum
591 2531 707 2592 imperium
715 2541 757 2579 est.

101 2589 165 2644 Quod
180 2591 208 2636 ad
224 2591 344 2652 Hispanias
358 2592 469 2644 attineret,
486 2593 570 2652 aliquot
581 2596 630 2656 jann
644 2611 715 2642 annos
728 2598 759 2642 ibi

101 2654 127 2701 L.
142 2653 270 2710 Cornelium
285 2653 407 2702 Lentulum
423 2662 446 2702 et
463 2654 493 2701 L.
508 2656 620 2704 Manlium
637 2660 758 2707 Acidinum
