1850 2917
168 137 637 190 ιΜιιιιιιιιιιιιιιιῑιιιιειι.
701 147 747 193 err
807 124 813 130 '

85 266 201 317 dente&
220 269 325 316 Grataen
333 269 439 316 Patribus
446 269 567 317 admonitio
573 269 631 316 tuit:
641 271 754 334 jussisque

85 333 170 381 relate
185 333 319 386 consulibus,
337 335 489 388 decreremnt,
508 335 646 382 “attritus
663 338 754 396 pensio-

86 398 289 459 ndruaeapecuuie
296 399 430 446 solveretur:
444 400 538 460 primam
543 407 678 460 presentem
684 401 706 454 ii,
716 403 755 462 qui

85 469 134 509 tum
154 469 239 514 essent,
258 463 312 510 duaa
330 463 388 510 tertii
406 471 429 510 et
444 463 515 524 quinti
532 465 634 510 connrles
650 479 754 514 numera·

85 525 164 573 rent.”
184 526 271 574 Omnes
282 527 360 574 ddnde
369 528 422 575 alies
433 544 498 575 curae
505 530 684 591 unsoceupsvie
691 537 755 591 post·

84 606 156 652 quern
165 590 314 638 Locrensium
324 593 405 645 clades,
417 608 468 653 quae
478 594 587 655 ignorate
597 594 626 639 ed
635 609 685 641 eom
695 594 755 642 (dem

84 655 181 708 merent,
199 657 324 717 legatorum
341 658 438 704 adventu
453 658 552 719 vulgate
566 666 632 705 sunt:
651 666 753 706 nec-nm

86 719 118 774 Q,
130 719 235 766 Pleminii
247 722 326 774 scelus,
344 737 410 782 quam
423 723 531 783 Scipionis
541 723 603 770 ineo
613 731 652 770 aut
662 724 754 770 ambito

83 792 129 832 sut.
138 785 283 846 negligentia,
300 787 343 832 iras
358 785 473 832 hominum
487 788 587 834 irritavit.
621 787 755 835 Decemlo-

84 848 300 911 gatilocrensium,
318 852 383 897 obriti
394 852 497 912 squalore
504 859 527 897 et
537 852 644 904 sordibus,
656 853 680 897 in
691 867 754 899 com·

84 915 125 960 itio
145 914 271 961 sedentibus
286 916 412 963 munilibus
429 916 554 962 velamenta
568 916 699 977 supplicum,
717 933 754 964 rn-

84 994 136 1026 mos
155 979 220 1032 oleee,
238 979 275 1042 (ut
294 979 382 1026 Graecis
395 984 450 1026 ‘mos
469 978 514 1039 est)
533 982 680 1042 porrigentes,
700 989 753 1030 aete

84 1044 183 1090 tribunal
193 1058 244 1090 cum
255 1043 321 1090 flebili
335 1043 493 1091 vociferatione
507 1046 568 1090 humi
578 1046 750 1106 procubuertmt·

85 1107 246 1162 Quaerendum
265 1109 398 1162 consulibus,
418 1117 433 1138 ‘⁴
445 1107 570 1156 Locrenses
588 1109 629 1156 se”
648 1111 753 1160 dixerim

85 1179 168 1224 t‘ease,
186 1187 213 1220 ee
226 1187 303 1233 passos
317 1189 330 1220 a
342 1173 373 1227 Q.
387 1173 497 1220 Pleminio
508 1175 584 1236 legnto
598 1174 753 1235 Romanisque

83 1236 199 1290 militibus,
217 1252 268 1296 quae
282 1238 327 1298 pati
342 1253 370 1284 ne
384 1237 580 1299 Carthaginienses
594 1239 683 1298 quidem
697 1240 753 1288 velit

84 1301 181 1362 populus
190 1300 314 1348 Romanus.
349 1302 447 1363 Rogare,
466 1304 498 1348 uti
509 1303 548 1349 sibi
560 1303 639 1350 Patres
649 1304 750 1358 adeundi,

83 1365 257 1427 deplorandique
267 1381 377 1414 aerumnas
388 1381 444 1421 suas,
456 1375 588 1428 potestatem
599 1368 723 1416 facerent.”

118 1428 205 1475 XVII.
220 1431 303 1476 Senatu
314 1430 372 1484 dato,
385 1432 495 1477 maximus
505 1439 559 1478 natu
569 1447 598 1478 er
610 1433 649 1478 iis:
665 1441 680 1462 ‘⁶
690 1433 751 1487 Stio,

84 1494 164 1556 quanti
179 1495 317 1540 aestimentur
332 1503 414 1542 nostrae
429 1497 488 1557 apud
500 1511 542 1542 vos
551 1496 654 1556 querelae,
672 1495 753 1544 Patres

84 1559 213 1620 conscripti,
231 1559 349 1619 plurimum
364 1560 387 1605 in
404 1573 432 1605 eo
450 1561 564 1607 momenti¹
574 1575 631 1612 esse,
648 1560 667 1606 si
683 1561 753 1621 probe

83 1623 168 1676 sciatis,
186 1631 210 1669 et
224 1624 334 1683 quomodo
349 1624 429 1684 proditi
438 1622 512 1670 Locri
524 1624 644 1670 Hannibali
659 1624 719 1679 sint·
728 1632 752 1672 et

82 1688 205 1750 quomodo,
213 1688 287 1749 ,pulso
302 1687 440 1734 Hannibalis.
448 1689 557 1750 presidio,
575 1690 673 1736 restituti
681 1690 705 1735 in
717 1689 753 1736 di-

82 1754 168 1799 tionem
179 1760 276 1800 vestram
285 1769 290 1797 ι
310 1752 389 1814 quippe
400 1752 449 1798 siet
459 1754 525 1814 culpo
534 1753 664 1800 defectionis
673 1754 753 1816 procul

81 1816 195 1879 apublico
204 1816 295 1863 coneilio
304 1817 366 1870 absit,
376 1823 399 1863 et
407 1817 500 1864 reditum
508 1818 636 1866 inventrem
644 1819 751 1866 ditionem

82 1888 195 1944 appareat,
214 1895 259 1926 non
269 1881 384 1928 voluntate
394 1881 474 1935 solum,
492 1883 531 1928 sed
541 1898 583 1944 ope
592 1883 659 1929 etiem
670 1898 696 1928 ac
705 1883 752 1929 rir-

82 1954 132 1993 tute
151 1943 243 2002 nostri;
265 1947 336 2007 magia
354 1946 506 2008 indignemini,
523 1947 587 1992 bonis
605 1946 751 1995 aciidelrbns

84 2011 152 2058 sociis
166 2017 213 2057 tem
229 2017 315 2056 atroces
330 2018 397 2070 etque
410 2011 513 2072 indignus
527 2011 617 2072 injurias
634 2012 661 2057 eb
675 2010 752 2072 legato

83 2083 161 2123 vestro
176 2075 324 2136 militibusque
337 2074 392 2122 lieri.
428 2076 473 2122 Sed
483 2091 527 2137 ego
537 2090 626 2121 caumm
636 2076 753 2136 utriusque

84 2139 216 2188 desectioms
235 2147 317 2186 nosnae
335 2141 359 2185 in
374 2139 433 2186 aliud
451 2148 540 2201 tmpus
558 2138 706 2188 differendam
715 2156 753 2187 ar·

84 2206 156 2252 bitror
173 2219 229 2258 esse,
247 2205 339 2250 duarum
357 2220 430 2250 rerum
444 2203 530 2266 gratii3
546 2205 619 2258 unius,
637 2211 662 2250 nt
676 2219 752 2252 eornm

85 2268 113 2316 P.
129 2269 240 2330 Scipione,
258 2269 295 2329 qui
306 2267 393 2331 Locros
401 2271 490 2330 recepit,
507 2271 606 2316 omnium
617 2270 681 2316 nobis
691 2275 754 2317 recte

84 2349 244 2396 perperamque
250 2332 360 2380 sactorum
371 2334 441 2386 testis,
459 2341 551 2394 agatur3
568 2335 673 2387 uerius.
682 2332 751 2393 quod,

84 2399 256 2458 quelescumque
272 2413 355 2450 sumus,
373 2405 448 2444 umen
462 2399 518 2450 baec,
535 2415 586 2458 quae
596 2398 750 2460 passisumus,

84 2464 131 2524 peti
142 2477 188 2508 non
200 2462 321 2510 debuimus.
356 2461 411 2507 Nou
421 2476 540 2522 possumus
550 2463 693 2514 dissimulare,
706 2459 752 2507 Pa-

84 2534 130 2574 tres
141 2527 268 2588 conscripti,
286 2541 335 2577 nos,
348 2540 399 2570 cum
409 2525 536 2585 praesidium
546 2525 658 2574 Punicum
666 2527 753 2571 innroe

63 2629 66 2634 .
83 2588 163 2642 nomi
172 2591 309 2642 haberemus,
326 2589 397 2634 multa
409 2588 471 2634 soeda
484 2595 508 2633 et
521 2589 618 2651 indigna,
635 2596 683 2637 eta
693 2601 753 2648 prse-

83 2653 458 2718 fecto.presidti.11nnilcere,=et
476 2651 753 2719 tthttmfflitsdffifittffl

808 635 823 662 Ο

903 679 915 710 b
