1850 2917
161 139 211 185 892
256 133 287 186 Τ
300 132 389 184 nvn
399 131 607 192 Lnxxvm
616 131 676 183 Cla.
686 134 727 183 st

160 264 299 328 carthagine
318 266 411 328 peormia
427 264 524 327 Magoni
543 265 635 312 advecta
652 270 702 311 est.
726 269 761 310 ιι
770 260 825 327 ipsa,

156 339 266 392 quantam
277 332 356 407 potuit
368 346 383 377 a
391 330 508 378 Gaditanis
518 330 600 391 exegit,
612 344 658 375 non
669 327 748 375 ιιιιιιο
759 328 828 375 mods

157 410 246 449 sonim,
258 396 297 441 sed
305 397 372 452 etiam
383 395 471 456 templis
482 382 586 469 wilatis,
598 401 621 441 et
636 393 740 455 privatim
754 392 829 439 omni·

160 460 202 506 bur
213 461 295 507 ooaotir
306 476 383 507 aurum
391 466 553 520 argentumque
563 460 586 505 in
594 458 705 519 publicum
716 456 826 503 conterre.

161 522 224 573 cum
238 525 436 586 praeterveheretur
453 522 571 598 Hispaniae
586 537 654 576 οιιιιι,
673 521 733 568 baud
749 517 829 583 procul

157 587 301 650 Carthagine
312 587 380 635 Nova
389 587 496 649 expositis
503 601 526 632 ιιι
535 594 616 633 terram
627 586 740 639 militibus,
751 585 829 647 proxi·
922 602 923 619 ÷

161 668 212 699 mos
223 654 367 714 depopulatus
378 667 452 713 agros,
470 650 521 697 inde
540 651 567 697 ad
585 652 665 697 urbem
677 650 773 707 classem
790 666 830 712 ap-

161 718 231 778 pulit.
261 715 296 763 lbi
307 732 358 762 cum
368 716 463 762 interdiu
474 715 571 761 milites'
566 730 589 761 ιιι
600 716 691 763 navibus
709 715 829 790 teupisset,

155 788 229 839 ¹nocte
244 781 268 826 in
284 781 336 827 litus
352 780 465 841 expositos
483 779 511 825 ad
517 787 612 841 partem
629 795 678 826 earn
696 780 764 834 muri,
784 776 830 840 qud

155 852 227 906 napta
238 844 353 907 Carthago
363 843 605 899 abRomanisfuerat,
615 845 692 901 ducit3
709 858 751 889 neo
768 859 830 905 pras-
923 844 924 867 ²

156 911 219 961 aldio
230 911 283 956 satis
294 910 367 956 valido
383 910 458 955 urbem
470 910 540 955 teneri
554 917 621 962 ratus.
634 916 658 954 et
667 908 753 969 aliquos
764 909 830 970 oppi-

162 973 271 1020 danorum
292 974 320 1019 ad
346 988 407 1049 spem
432 973 527 1019 novandi
552 990 587 1020 rea
611 972 691 1034 aliquid
715 980 826 1019 moturos.

159 1036 279 1086 Caeterum
290 1039 361 1084 nuntii
372 1053 400 1084 ex
411 1039 471 1101 agris
485 1038 562 1099 trepidi
574 1038 639 1084 simul
652 1037 827 1099 populationem,

157 1102 548 1165 agrestiumquefugametbostium
555 1103 681 1156 adventum,
691 1102 828 1159 attulerant,

157 1168 348 1220 etvisainterdiu
360 1168 435 1213 classis
452 1173 506 1221 erat,
525 1182 565 1213 nee
585 1168 632 1214 sine
648 1164 714 1213 causti
732 1136 828 1213 electanl

162 1240 215 1279 ante
226 1233 302 1278 urbem
313 1232 431 1279 stationem
445 1233 576 1293 apparebat·
595 1233 667 1292 itaque
677 1230 780 1277 instructi
791 1246 830 1277 ar-

161 1298 260 1356 matique
276 1298 334 1343 intra
346 1305 440 1357 portam,
458 1296 486 1341 ad
500 1303 604 1357 stagnum
619 1311 644 1342 ac
658 1311 719 1341 mare
730 1310 830 1349 versam,

161 1361 337 1407 continebantur.
373 1360 419 1409 Ubi
429 1359 493 1407 edisti
504 1361 585 1417 hostes,
597 1360 668 1405 mixta
677 1360 735 1405 inter
745 1358 830 1406 milites

156 1426 246 1479 navalis
262 1426 332 1479 turba,
352 1426 380 1471 ad
397 1440 473 1471 muros
492 1425 589 1471 tumultu
607 1425 691 1487 majore
708 1438 775 1483 quam
794 1424 828 1478 ιι,

156 1490 283 1545 subierunt,
294 1488 403 1552 patefacti
413 1497 503 1552 repente
517 1487 587 1551 porti,
599 1489 697 1535 Romani
713 1503 764 1534 cum
781 1488 831 1535 ela-

156 1570 225 1609 ,more
237 1563 368 1616 erumpunt:
387 1556 529 1615 turbatosque
543 1555 626 1606 hostes,
645 1553 710 1599 etad
729 1552 829 1615 primum

159 1620 275 1667 incursum
294 1622 462 1681 conjectumque
479 1620 573 1679 telorum
592 1632 689 1671 aversos,
710 1632 780 1677 usque
799 1618 830 1664 ad

161 1684 215 1730 litua
225 1700 276 1730 cum
287 1682 358 1730 muta
372 1684 433 1731 crede
443 1690 619 1745 persequuntur:
639 1697 687 1735 neo,
703 1682 745 1727 nisi
756 1695 828 1729 naves

156 1746 222 1801 litori
229 1748 327 1809 appulsae
335 1748 431 1809 trepidos
439 1748 585 1809 aoeepissent'
591 1746 733 1808 superfuisset
741 1760 828 1807 pugnae

70 1854 75 1865 ,
160 1812 407 1873 autfirgaequirquam.
443 1811 535 1874 lnipsis
545 1826 634 1873 quoque
644 1811 776 1872 trepidatum
785 1826 829 1857 na·

161 1877 275 1929 vibusest,
288 1876 347 1929 dum,
360 1892 389 1923 ne
397 1879 472 1924 bostar
480 1876 586 1922 cum-suis
594 1876 659 1921 simul
669 1876 826 1936 irrumperent,

158 1942 253 1999 ¹trabunt
268 1940 344 1992 scalas,
363 1956 456 2000 orasque
473 1947 496 1985 et
511 1954 609 1993 ancoras,
627 1954 656 1985 ue
671 1940 694 1985 in
713 1939 830 1986 moliendo

159 2012 301 2059 moraerset,
317 2004 454 2065 praecidunt·
474 2004 581 2063 multique
599 2004 704 2050 adnantes
722 2004 830 2059 navibus,

158 2068 247 2127 incerto
257 2083 304 2129 prae
314 2067 416 2121 tenebris,
428 2067 481 2129 quid
495 2075 534 2113 aut
549 2075 649 2129 peterent
666 2074 712 2115 aut
720 2068 829 2124 vitarent,

110 2176 118 2193 ,
160 2120 238 2177 foede
231 2132 369 2191 interierunt.
400 2128 499 2178 Postero
510 2132 545 2177 die
555 2147 605 2177 cum
617 2132 692 2178 classis
701 2132 753 2177 inde
764 2139 830 2179 retro

160 2194 189 2242 ad
205 2184 329 2248 Oceanum,
349 2196 408 2242 unde
423 2202 522 2247 venerat,
540 2195 641 2257 fugisset,
659 2196 687 2241 ad
702 2197 831 2257 octingenti

159 2260 263 2312 homines
274 2260 326 2305 caesi
336 2259 394 2305 inter
404 2275 493 2307 murum
503 2260 606 2321 litusque,
618 2268 641 2307 et
654 2261 682 2307 ad
699 2259 742 2307 duo
756 2260 831 2310 millia

160 2338 272 2372 armorum
284 2324 380 2378 inventa.

193 2384 330 2433 XXXVII.
350 2387 430 2451 Mago,
440 2391 577 2437 cumGades
586 2387 708 2452 repetisset,
720 2390 830 2439 exclusus

159 2450 218 2505 inde,
235 2451 264 2496 ad
276 2448 372 2497 Cimbim
389 2454 459 2533 (baud
477 2456 554 2517 procul
572 2471 586 2502 a
603 2455 725 2502 Gadibus
720 2468 738 2501 ιι
760 2456 829 2503 locus

160 2512 233 2572 abest)
245 2514 316 2561 classe
334 2516 432 2579 apprdsd,
445 2520 560 2567 mittendis
570 2521 655 2595 legatis,
668 2519 830 2582 querendoque

123 2621 125 2625 ,
158 2578 220 2636 quod
237 2585 309 2639 portae
326 2581 366 2626 sibi
385 2585 445 2630 socio
462 2594 529 2645 atque
547 2586 618 2633 arnico
640 2585 721 2633 clnusae
738 2582 846 2641 forent,

153 2644 333 2769 ¹pgrgautibus'
320 2660 353 2698 rra,
374 2649 520 2695 multitudinis
542 2664 652 2697 concursu
672 2650 763 2704 factum,
786 2651 826 2697 in-

230 2708 259 2755 ob
269 2708 353 2774 direpta
367 2712 468 2773 quadarn
483 2714 521 2762 aba
536 2715 734 2807 conscendentibus
749 2730 823 2775 navos
