1850 2917
197 147 227 196 n.
241 144 401 196 mvn-nna
416 147 503 196 nnn
523 145 628 197 enar,
696 110 755 196 verras·

78 279 190 329 donares
226 278 353 341 Scipionem
362 278 396 326 ire
406 279 434 326 ed
443 277 604 342 Certbegmem
615 293 702 333 numm,
713 279 755 340 qui

82 345 164 393 consul
177 345 267 392 bostem
288 345 312 391 in
331 342 397 390 ltelii
416 343 515 390 Poenum
534 359 581 390 non
595 344 704 390 uidissett
724 359 756 398 se,

81 417 174 458 eentum
186 409 283 456 millibus
293 415 430 455 armatorum
440 409 469 456 ed
479 409 636 456 Trasimenum
654 416 677 454 et
695 406 756 456 can-

82 491 124 522 nas
132 475 206 528 cresis,
219 475 278 520 circe
286 473 418 529 Casilinum,
429 473 565 534 Cumasque,
578 481 601 520 et
608 473 692 520 Nolam
701 487 757 518 eon-

82 537 212 588 senuisse.”
253 539 314 585 Haec
333 553 440 585 accusans
459 553 605 600 querensque,
623 553 653 583 en
672 535 757 584 diutini

81 602 310 716 Pollelisldnlidiridraen
321 604 524 716 esiddlddddiwdies
550 676 574 714 et
590 669 620 715 M
664 614 716 714 nem
732 675 757 714 et

78 733 235 783 Hannibalem
254 685 375 796 profedteos,
396 734 488 780 allatum
507 700 556 780 eit:
577 684 755 796 cujuasgoduplieia
810 718 814 722 i

82 799 239 862 gratulationis
250 799 331 845 minuit
342 799 450 852 laetitiam,
461 806 485 844 et
495 798 556 858 quod
563 813 641 860 perum
653 798 721 844 duces
730 795 756 843 in

79 863 204 912 retinendis
215 864 241 910 iis
253 864 316 927 (curu
330 864 353 909 id
363 864 493 910 mandatum
504 863 534 908 ab
543 870 622 909 senatu
633 860 703 921 esset)
715 870 755 909 ant

80 928 151 980 enimi
162 936 201 974 eut
211 929 291 975 virium
305 929 410 981 habuisse
426 928 574 984 videbantur3
592 935 615 973 et
631 927 692 988 quod
709 927 755 973 sol-

79 993 135 1042 liciti
153 1001 222 1046 erent,
242 994 303 1039 omni
319 993 369 1039 belli
386 993 445 1039 mole
461 993 485 1037 in
498 1005 567 1038 unum
578 993 658 1038 ducem
668 993 754 1039 exerei-

81 1062 175 1119 tumque
182 1055 295 1111 inclinati,
307 1073 352 1117 qno
364 1071 457 1104 evasura
467 1064 527 1104 esset
537 1072 580 1103 res.
610 1055 656 1103 Per
663 1057 753 1103 eosdem

80 1123 129 1172 dien
148 1124 217 1184 legati
238 1123 357 1185 Saguntini
373 1129 491 1175 venerunt,
511 1122 684 1183 comprehensos
701 1137 754 1167 cum

80 1185 177 1254 pecunld
194 1187 330 1234 adducentes
346 1185 553 1248 Carthaginienses,
570 1187 609 1247 qui
625 1185 653 1232 ad
668 1185 755 1231 condu-

80 1253 153 1301 cenda
163 1253 245 1299 aurdiia
255 1253 278 1298 in
290 1251 424 1314 Hispaniam
431 1252 584 1313 trajecissent.
596 1248 754 1314 [Ducentdm]

73 1326 104 1368 ,et
115 1317 277 1380 quinquaginta
285 1318 340 1371 nuri,
354 1314 532 1378 [octingentdm]
544 1316 619 1378 pondo
629 1317 717 1378 argenti
729 1317 753 1361 in
781 1318 783 1330 '

80 1381 193 1431 vestibulo
208 1383 276 1428 curiae
292 1389 422 1442 posuenrnt,
459 1379 597 1427 Hominibus
615 1381 713 1442 acceptis
730 1388 755 1427 et

72 1451 103 1496 -in
115 1462 228 1495 carcerem
239 1447 341 1500 conditis,
354 1461 408 1492 euro
420 1453 559 1507 argentoque
569 1445 662 1498 reddito,
674 1445 755 1506 gratiae

79 1513 169 1576 legetis¹
179 1519 251 1569 actae3
269 1518 336 1572 etque
349 1512 441 1572 insuper
457 1525 551 1557 munera
566 1510 625 1563 dats,
642 1525 669 1556 ae
684 1523 754 1556 naves
832 1529 838 1544 ·

79 1579 161 1642 quibus
174 1578 198 1622 in
211 1576 345 1638 Hispaniam
361 1582 534 1622 reverterentur.
570 1575 661 1622 Mentio
675 1574 755 1620 deinde

70 1645 107 1692 ,ab
118 1642 243 1690 senioribus
252 1641 312 1688 fecta
320 1648 361 1696 est,
375 1647 391 1670 ‘⁴
401 1641 500 1704 Segnius
508 1640 611 1688 homines
618 1641 676 1686 bona
686 1653 754 1700 quam

77 1709 147 1762 mela,
160 1707 249 1753 sentire.
279 1705 387 1770 Transitu
395 1707 418 1752 in
428 1705 517 1752 ltaliam
526 1704 668 1759 Hannibalis,
680 1714 755 1765 quan-

78 1782 129 1822 tum
139 1771 376 1834 terrorispevorisque,
390 1768 451 1832 [sese
461 1769 601 1834 meminisse]
613 1769 754 1830 quasdeiude

76 1838 162 1892 clades,
178 1853 235 1898 quos
249 1837 323 1882 luctus
342 1835 459 1883 incidisse!
495 1835 552 1881 Visa
566 1841 639 1881 castra
649 1835 754 1880 'bostium

77 1919 93 1952 e
103 1903 176 1950 muris
189 1901 272 1948 Urbis:
293 1917 344 1962 quae
361 1909 415 1948 vote
432 1900 573 1962 singulorum
588 1899 755 1945 universorum-

76 1982 125 2032 que
146 1965 229 2015 fuiase!
253 1966 341 2026 quoties
359 1967 383 2010 in
405 1965 506 2012 conciliis
527 1979 602 2017 voces,
624 1978 705 2010 munus
726 1964 755 2009 ad

76 2035 165 2082 eoelum
175 2031 346 2094 porrigentium,
366 2029 459 2084 ruditas,
479 2037 486 2059 ⁴
498 2029 537 2076 En
552 2043 650 2089 unquam
660 2028 698 2075 ille
708 2027 755 2075 dies

73 2100 170 2146 futurus
179 2105 245 2149 esset,
257 2112 302 2157 quo
313 2108 407 2142 veeuam
422 2095 523 2141 hostibus
534 2092 623 2140 Italiam
632 2090 691 2140 boni

78 2164 201 2210 florentem
218 2161 287 2208 visuri
303 2159 405 2208 essenti'
440 2159 539 2207 Dedisse
554 2158 644 2205 triadem
655 2158 679 2204 id
744 2173 756 2204 s

79 2227 234 2277 sextodecimo
246 2227 336 2273 demum
347 2239 422 2273 anno:
442 2241 484 2272 nec
495 2239 552 2279 esse,
559 2223 602 2285 *qui
613 2222 666 2268 Diis
677 2230 755 2285 grates

74 2293 181 2357 agendas
189 2300 308 2339 censeant:
328 2292 384 2339 adeo
395 2307 424 2338 ne
434 2289 590 2338 advenientem
601 2288 691 2349 quidem
701 2301 755 2348 grn-

77 2360 136 2407 tiam
151 2357 253 2404 homines
271 2357 368 2418 benigne
383 2357 490 2418 accipere,
505 2355 587 2402 nedum
598 2360 624 2399 ut
634 2351 755 2414 praeteritoe

72 2423 135 2474 eatis
145 2435 258 2469 memores
269 2421 341 2468 sint.”
376 2419 548 2469 Conclmatum
558 2418 639 2466 deinde
652 2431 682 2464 ex
692 2416 755 2462 omni

77 2495 145 2552 parte
166 2487 235 2534 eurise
259 2493 301 2540 est,
326 2487 359 2532 uti
387 2485 480 2532 referret
502 2484 530 2530 P.
549 2484 626 2531 AEiius
652 2488 752 2544 praetore

72 2553 247 2612 decretumque,
263 2557 292 2597 ut
308 2551 405 2612 quinque
421 2551 468 2596 dies
486 2550 544 2595 circa
560 2549 636 2596 omnia
651 2547 756 2610 pulvina-

75 2619 113 2666 ria
127 2616 298 2679 suppliearetur,
316 2615 459 2675 deditaeque
474 2613 570 2675 majores
585 2613 756 2660 immolerentur

75 2689 175 2732 aarum
189 2681 280 2744 vigim
315 2678 368 2730 iun
377 2679 471 2730 nubas
482 2676 556 2728 laelio
566 2678 691 2742 Quique
701 2671 756 2724 Mi-
