1850 2917
192 164 222 213 T.
236 162 519 215 LIVIILm-XXVII
539 163 600 217 Cur
612 170 651 215 94.
708 169 777 225 991Ι

75 308 154 343 unum
165 310 252 343 sunum
262 298 379 350 vovebant,
391 296 470 359 dieque
480 294 564 344 incerti
574 296 688 345 fuciebsnt.
715 297 754 345 Eo

85 376 143 407 enno
159 360 289 423 pestilentia
305 362 381 423 gravis
398 362 499 409 incidit'
493 376 516 407 ιη
535 363 611 407 urbem
629 376 752 439 agrosque:

83 441 134 486 quse
144 432 223 472 tamen
237 426 310 487 magis
326 426 350 471 in
364 426 446 487 longos
459 428 556 479 morbos,
568 440 635 486 qusm
645 425 669 471 in
680 428 754 487 perni-

81 487 156 543 ciales,
168 489 248 543 evasit.
283 490 342 551 Ejus
351 491 483 552 pestilentiae
498 489 564 537 causi
574 497 597 536 et
608 490 753 551 supplicatum

71 570 118 620 [per
140 555 242 615 compito
262 552 311 601 tout
331 556 386 602 urbe
406 563 447 609 est,
468 562 491 601 et
510 554 537 601 P.
551 554 652 601 Licinius
671 554 753 609 Varus,

79 627 164 680 praetor
175 619 244 672 urbis,
259 619 334 695 legem
349 618 408 666 ferre
424 620 452 667 sd
468 620 598 681 populum
588 633 672 683 Jussus,
690 626 715 664 nt
732 620 755 665 hi

78 684 142 730 ludi
135 698 160 730 ιιι
171 684 322 745 perpetuum
316 699 339 730 ιιι
354 691 434 730 status
449 684 508 731 diem
522 690 664 730 voverentur.
701 681 754 744 lpse

77 748 178 810 primus
176 749 216 795 ita
232 749 302 801 vovit,
319 747 417 809 fecitque
433 756 486 795 unte
502 748 559 795 diem
570 748 660 796 tertium
671 747 753 796 Nouus

69 813 207 867 Quintiles.
244 812 268 859 ls
277 813 324 859 dies
335 813 414 860 deinde
424 814 529 860 sollennis
543 820 651 859 servatus.

110 876 215 923 XXIV.
235 875 275 923 De
285 878 396 925 Arretinis
409 885 432 925 et
446 878 506 925 furno
524 878 547 924 in
563 878 609 924 dies
619 877 715 939 gravior,
728 884 752 925 et

78 957 131 989 curs
141 956 246 988 erescere
258 940 367 988 Petrinus.
403 941 483 1003 Imque
495 940 522 990 C.
534 942 634 988 Hostilio
645 942 751 1004 scriptum

78 1014 119 1060 est,
138 1022 171 1052 ne
190 1005 289 1052 differret
305 1007 392 1053 obsides
410 1008 438 1053 nb
453 1006 564 1053 Arretinis
581 1007 694 1069 accipere;
720 1014 750 1063 et,

79 1072 114 1117 cui
125 1070 228 1117 undeet
239 1070 336 1117 Romam
349 1072 495 1125 deduoendos,
510 1069 537 1119 C.
548 1070 667 1117 Terentius
675 1070 750 1119 Varro

79 1151 131 1181 cum
142 1135 239 1197 imperio
250 1136 343 1181 missus:
363 1136 400 1196 qui
415 1143 441 1181 ut
454 1136 551 1189 advenit,
563 1136 674 1197 extemplo
686 1136 750 1182 Hos·

77 1200 139 1247 tilius
147 1200 264 1261 legionem
274 1215 348 1252 unam,
358 1215 410 1261 quae
421 1208 473 1247 ante
481 1201 556 1246 urbem
568 1208 640 1247 cestrs
649 1201 748 1253 habebnt,

78 1265 145 1327 signs
155 1265 181 1309 in
190 1265 268 1310 urbem
279 1264 338 1311 ferre
342 1266 418 1327 jussit,
434 1265 578 1327 praesidisque
594 1265 649 1311 locis
666 1263 751 1311 idoneis

78 1329 198 1392 disposuit,
211 1336 259 1375 tum
270 1329 293 1374 in
303 1329 353 1375 foro
364 1330 436 1375 citatis
453 1330 589 1376 senatoribus
606 1329 692 1376 obsides
708 1330 752 1378 im·

77 1394 173 1455 pererit.
216 1391 276 1441 Cum
295 1401 385 1440 moetus
403 1394 495 1440 biduum
517 1394 545 1440 sd
567 1394 753 1441 considerandum

77 1466 167 1520 peteret
189 1465 285 1520 ternpus,
303 1466 341 1505 snt
360 1458 420 1519 ipses
442 1458 555 1519 extemplo
579 1458 637 1511 dsre,
663 1466 702 1504 eut
726 1474 754 1505 sc

77 1531 172 1584 postero
199 1522 236 1569 die
262 1530 389 1570 senatorum
414 1538 492 1569 omnes
513 1522 594 1569 liberos
617 1529 753 1577 sumtunnn,

77 1588 164 1634 edixit:
191 1586 244 1633 inde
262 1595 338 1649 portas
354 1589 465 1635 custodire
476 1587 534 1650 Jussi
549 1587 631 1633 tribuni
647 1587 752 1639 militum,

78 1652 227 1714 praefectique
242 1652 335 1707 socidm,
352 1660 375 1699 et
391 1653 540 1705 centuriones,
563 1666 592 1698 ue
616 1652 666 1712 quis
685 1659 754 1698 nocte

79 1718 135 1764 urbe
150 1717 230 1763 exiret.
277 1715 305 1763 Id
321 1718 412 1779 segnius
432 1717 625 1779 negligentiusque
648 1716 747 1763 fectum:

80 1790 168 1844 septem
190 1781 302 1843 principes
323 1783 420 1835 senstds,
446 1782 573 1843 priusquam
594 1780 701 1827 custodire
725 1782 749 1827 in

78 1847 151 1908 portis
167 1846 301 1900 locerennrr,
324 1853 376 1893 ente
394 1853 484 1893 noctem
504 1860 556 1891 cum
580 1846 653 1892 liberis
673 1860 751 1893 eusse-

79 1919 140 1957 rumt.
178 1910 279 1957 Postero
290 1911 326 1957 die
341 1911 391 1957 luce
406 1908 484 1973 primi,
502 1924 553 1956 curn
570 1915 659 1955 senatus
675 1910 698 1953 in
714 1908 750 1955 fo-

78 1991 130 2022 rum
146 1976 212 2022 citeri
227 1982 314 2037 coeptus
330 1983 396 2028 esset,
413 1974 537 2029 desiderati,
554 1975 655 2034 bonoque
671 1988 749 2019 eomm

78 2041 212 2087 venierunt:
232 2055 245 2085 ι
261 2041 348 2086 caeteris
363 2040 500 2087 senatoribus
513 2045 603 2085 centum
618 2038 698 2099 viginti
709 2038 750 2085 ob-

78 2105 145 2158 sides,
162 2104 226 2151 liberi
241 2104 347 2165 ipsorum,
363 2104 454 2166 accepti,
470 2103 588 2163 trsditique
603 2101 631 2151 C·
643 2100 750 2150 Terentio

53 2223 58 2230 ,
79 2169 180 2216 Romam
199 2168 329 2215 deducendi.
372 2168 397 2216 Is
419 2168 494 2215 omnia
516 2167 657 2229 suspectiora,
682 2182 749 2228 quem

80 2241 133 2280 sote
147 2233 245 2287 suerent,
262 2234 286 2279 in
301 2240 379 2281 senatu
389 2233 449 2280 fecit.
485 2231 570 2292 Itaque,
582 2240 695 2292 tamquam
706 2233 749 2277 im·

79 2299 181 2345 minente
195 2297 295 2345 Etrusco
310 2300 414 2352 tumultu,
430 2298 543 2359 legionem
559 2298 650 2343 alteram
666 2310 695 2342 ex
711 2310 750 2344 ur-

80 2363 143 2410 bsnis
165 2362 282 2409 Arretium
304 2362 414 2410 doeere
404 2376 481 2425 Jussus
503 2362 551 2424 ipse
573 2360 602 2410 C.
620 2360 748 2413 Terentius,

80 2442 175 2489 esmque
193 2426 302 2474 habere
295 2442 320 2473 ιιι
340 2380 443 2489 praesidio
465 2426 532 2472 urbis.
576 2424 604 2474 C
623 2424 749 2471 Hostilium

79 2506 131 2538 cum
148 2499 232 2538 caetero
247 2492 348 2539 exercitu
361 2492 434 2554 placet
448 2498 519 2537 totam
533 2490 669 2553 provinciam
686 2504 750 2551 pere-

79 2571 152 2616 grsre,
169 2562 194 2603 et
207 2571 293 2609 cerere,
311 2571 340 2602 ne
353 2572 397 2617 qus
411 2556 499 2601 occasio
513 2570 596 2603 novare
610 2554 749 2616 cupientibus

81 2636 116 2667 res
133 2621 229 2669 daretne
273 2619 301 2669 C.
319 2620 446 2674 Terentius,
467 2627 493 2666 ut
508 2620 623 2667 Arretium
645 2633 695 2664 curn
716 2618 749 2661 le-

80 2685 147 2747 gione
163 2687 233 2758 venit,
250 2687 325 2735 clover
340 2692 454 2750 porterum
471 2700 522 2733 cum
541 2684 685 2747 magistratus
707 2696 749 2741 po·
