1850 2917
144 153 196 199 284
243 145 274 193 Τ.
286 143 377 193 L1v11
392 144 446 194 Lu.
459 140 572 193 xxvn.
591 142 654 194 Gar.
667 146 708 190 48.
769 170 772 179 =

147 279 230 340 quibua
243 284 336 324 venerat
349 276 471 329 itineribus,
488 276 575 337 repetit,
592 280 661 335 atque
676 270 728 319 inde
740 268 824 319 Canu*

149 343 207 391 sium
222 342 327 404 procedit.
363 340 485 401 Nunquam
500 340 564 387 Nero
578 338 679 400 vestigiis
693 336 766 384 hostis
779 336 821 381 ab·

148 408 247 454 stiterat:
267 415 290 452 et
301 406 334 460 Q,
345 404 458 459 Fulvium,
474 420 528 452 cum
539 404 698 465 Metapontum
708 402 758 463 ipse
766 415 822 475 pro-
916 406 917 451 l

149 472 291 524 deuceretm
308 471 332 515 in
350 468 463 524 Lucanos,
480 485 512 517 ne
528 469 590 531 regio
607 484 635 515 ea
651 468 699 515 sine
715 465 822 529 praeaidrn
916 452 917 527 l

149 544 216 590 earet,
228 536 367 583 arcessierat.
916 532 917 545 ¹

183 598 280 648 XLllL
300 597 364 646 Inter
382 600 431 646 baec
448 600 477 646 ab
497 598 645 651 Hasdrubale,
669 604 788 659 postquam
808 610 826 643 ι

151 666 275 713 Placentiae
291 664 405 709 obsidione
414 664 530 717 abscessit,
548 670 642 724 quatuor
654 663 715 710 Galli
725 662 822 722 equites,

152 732 197 777 duo
208 728 321 781 Numidae,
340 743 391 774 cum
402 728 472 775 literis
482 728 510 775 ad
522 726 671 775 Hannibalem
682 727 752 780 missi,
768 740 823 772 curn
916 718 917 789 l

151 812 192 857 per
206 794 292 841 medios
306 795 382 839 hostes
396 800 466 839 totam
483 792 554 841 ferme
566 792 729 854 longitudinem
748 789 826 837 Italiae
916 790 917 851 l

152 860 237 907 emensi
255 865 337 911 essent,
354 858 408 903 dum
423 857 582 919 Metapontum
599 858 714 903 cedentem
729 852 827 901 Hanni·
916 852 917 871 ³

152 925 225 971 halem
236 930 365 982 sequuntur,
382 922 473 969 incertis
486 922 600 969 itineribus
610 920 734 968 Tarentum
746 920 825 975 delati,
916 954 917 959 ,

153 988 238 1049 avagia
246 1002 286 1047 per
296 1002 364 1047 agros
373 988 537 1047 pabulatoribus
548 986 658 1033 Romanis
668 986 696 1033 ad
707 982 740 1038 Q,
751 983 826 1033 Clau-

154 1052 215 1098 dium
226 1058 386 1113 propraetorem
396 1052 541 1098 deducuntur.
576 1050 638 1098 Eum
649 1051 721 1112 primo
732 1050 829 1097 incertis
916 1086 917 1107 ,

155 1116 293 1178 implicantes
301 1116 420 1177 responsis,
432 1124 458 1162 ut
466 1124 539 1162 metus
547 1122 709 1161 tormentorum
720 1114 828 1162 adunatus
916 1142 917 1159 1

154 1181 219 1227 fateri
230 1180 376 1241 veracnegit,
393 1180 537 1233 edocuerunt,
555 1181 629 1227 literas
640 1196 665 1226 se
676 1181 703 1225 ab
719 1178 829 1227 Hasdru·
916 1196 917 1243 γ

155 1247 204 1292 bale
223 1245 251 1291 ad
269 1244 419 1291 Hannibalern
437 1244 503 1291 ferre.
545 1242 605 1293 cum
623 1245 651 1291 iis
669 1244 745 1297 literis,
764 1246 830 1291 sicin
916 1252 917 1255 ’

105 1338 107 1343 ·
156 1316 227 1362 eraut,
246 1309 345 1370 signatis,
364 1307 392 1354 L.
404 1307 510 1371 Virginio
525 1310 613 1355 tribuno
623 1308 718 1355 militum
730 1309 829 1356 ducendi

155 1374 185 1422 nd
196 1372 315 1422 Claudium
326 1374 440 1420 consulem
451 1374 581 1420 traduntur:
602 1374 652 1419 duae
663 1374 730 1419 simul
743 1380 829 1421 turmae
916 1386 917 1389 ’

157 1439 290 1488 Samnitium
303 1438 400 1500 praesidii
418 1437 485 1485 causd
499 1439 581 1485 missae·
617 1437 663 1493 Qui
678 1439 714 1484 ubi
727 1438 758 1485 ad
767 1454 831 1487 oon-

157 1504 229 1551 sulem
243 1512 399 1565 pervenerunt,
416 1505 532 1563 literaeque
546 1503 612 1550 lectae
627 1518 666 1564 per
681 1502 830 1565 interprete·
902 1516 917 1551 ’1

158 1576 218 1621 sunt,
235 1576 259 1614 et
269 1583 298 1613 ex
312 1568 404 1629 captivis
417 1567 556 1631 percontatio
565 1566 638 1625 facta;
650 1576 699 1614 tum
711 1566 830 1625 Claudius,

159 1646 205 1678 non
224 1632 247 1677 id
264 1639 351 1693 tempus
369 1648 419 1679 esse
436 1633 562 1695 reipublicae
579 1640 648 1685 ratus,
665 1649 710 1693 quo
730 1634 833 1684 consiliis

159 1696 274 1743 ordinariis
285 1697 405 1757 provinciae
416 1714 463 1745 suae
474 1697 567 1759 quisque
576 1698 656 1744 finibus
666 1714 706 1759 per
714 1700 834 1748 exercitus

161 1776 213 1807 suos
230 1773 281 1806 cnm
296 1762 360 1807 hoste
377 1762 487 1809 destinato
502 1763 529 1809 ab
544 1770 621 1810 senatu
634 1763 716 1809 bellum
731 1772 831 1826 gereret,
916 1808 917 1819 ,

160 1825 833 1891 audendumaliquidimprovisum,r'nopinatum‚quodcoep·
916 1834 917 1845 ¹

161 1898 209 1937 tum
225 1906 271 1937 non
286 1891 394 1937 minorem
409 1892 468 1954 apud
483 1893 544 1938 cives
555 1908 621 1953 quam
633 1894 708 1940 hostes
721 1900 833 1942 terrorem
916 1902 917 1905 ’

160 1955 250 2009 faceret,
267 1963 417 2017 perpetratum
430 1959 453 2002 in
469 1972 573 2019 magnam
588 1958 687 2005 laetitiam
703 1974 732 2005 ex
745 1974 833 2022 magno

161 2028 224 2067 metu
238 2028 348 2077 verterem
364 2022 434 2068 literis
449 2021 597 2069 Hasdrubalis
610 2022 708 2069 Romam
724 2024 752 2071 ad
765 2040 834 2073 sene·
916 2044 917 2053 ¹

161 2092 211 2130 tum
229 2085 310 2138 missis,
328 2086 394 2133 simul
412 2094 435 2133 et
454 2088 504 2148 ipsa
521 2086 600 2133 Patres
616 2090 761 2150 conscriptos,
779 2092 834 2151 quid

160 2155 255 2210 pararet,
272 2150 358 2203 edocet,
377 2158 409 2205 ut,
428 2167 480 2197 cum
494 2152 517 2197 in
537 2149 631 2199 Umbrid
643 2168 670 2201 se
686 2169 834 2202 occursurum

163 2210 292 2275 Hasdrubal
305 2212 369 2259 fratri
383 2217 471 2269 scribat,
488 2216 600 2279 legionem
614 2233 628 2263 a
645 2215 723 2280 Capul
733 2218 833 2269 Romam

162 2284 289 2333 arcessant;
307 2277 417 2325 delectum
431 2280 515 2328 Romae
533 2282 640 2340 habeant;
657 2285 779 2331 exercitum
795 2302 834 2332 ur-

162 2341 244 2386 banum
261 2341 296 2387 ad'
308 2340 417 2390 Narniam
436 2346 497 2392 hosti
514 2354 633 2409 opponant
668 2347 730 2395 Haeo
747 2354 834 2407 senatui

163 2406 252 2464 scripta.
288 2404 402 2454 Praemissi
413 2410 467 2455 item
478 2427 518 2472 per
529 2427 608 2473 agrum
620 2412 756 2468 Larinatem,
768 2414 834 2463 Mar·

164 2470 273 2521 rucinum,
291 2467 436 2526 Frentanum,
455 2474 626 2531 Praetutianum,
648 2475 693 2537 qud
710 2480 832 2529 exercitum

163 2531 271 2577 ducturus
289 2542 343 2587 erat,
362 2544 388 2582 ut
404 2554 482 2585 ornnes
499 2556 529 2587 ex
544 2543 605 2604 agris
622 2543 754 2605 urbibusque
771 2561 834 2593 com·

163 2602 249 2642 meatus
263 2605 352 2657 puratos
366 2603 432 2648 militi
448 2605 478 2650 ad
494 2608 629 2653 vescendum
644 2608 667 2652 in
684 2608 744 2657 uiam
761 2609 834 2659 defer.

163 2666 221 2720 rent,
238 2676 308 2724 equos
313 2664 463 2732 jumentaque
477 2670 520 2717 alia
531 2672 690 2737 producerent,
701 2680 732 2721 *ut
742 2676 837 2740 vehicuq
