1850 2917
177 151 232 198 554
292 145 321 196 T·
335 143 427 196 mm
437 143 493 195 In.
506 142 685 197 macra.
697 147 739 196 85.

173 268 849 340 cantabranonminusiuoentosCarthaginiendnmeqd·
907 320 908 337 ¹

179 343 299 396 tesfnisae,
312 343 426 389 etdivitiis
437 342 784 403 quosdametgenereiliustres.
907 358 908 381 r

116 403 123 408 ”
213 405 328 460 XXXV.·
345 407 432 453 Eodern
450 405 509 452 forte
528 422 573 466 quo
589 407 638 452 haec
653 413 719 468 gesta
733 415 792 454 sunt
806 408 847 463 die,
907 386 908 473 i

177 487 256 525 naves,
272 487 323 532 quae
334 471 431 533 proedam
442 471 466 516 in
481 471 578 518 Siciliam
591 479 706 523 vexerant,
723 487 778 520 cum
786 488 848 520 eom-

176 545 256 584 ·meatu
271 533 369 592 redicire3
388 536 451 582 velat
468 536 580 588 ominatae,
598 535 627 581 ad
642 535 742 597 praedam
757 537 849 584 alteram

176 601 320 663 repetendam
333 615 381 646 sese
390 601 486 647 venisse.
521 599 589 646 Duos
599 600 677 651 eodem
688 601 784 648 nomine
793 600 850 650 Cer·

179 665 351 728 thsginiensium
364 665 431 712 duces
441 665 527 711 duobus
537 665 675 725 equestnhos
684 666 772 726 proeliis
782 666 850 715 iate-

173 729 257 783 i'ectos.
275 745 320 776 noa
331 723 415 776 'omnes
429 736 531 776 sudores
545 738 598 778 sunt
603 746 611 786 3
630 730 695 776 veriti
708 728 850 792 ·(cre‹io)·ne

175 793 308 841 -falieretbis
321 795 389 842 relata
402 795 480 841 eadem
490 810 533 841 rea.
568 793 655 843 celius
664 795 757 855 quidem
767 795 850 843 etVa-

178 858 247 906 leriu·
257 867 345 921 captum
354 860 420 906 etiam
432 857 569 906 Hannonem
576 858 676 905 tradam.
703 859 851 922 Scirioprre-

177 922 250 970 sectos
267 925 401 984 equitesque,
417 930 485 985 prout
499 925 605 986 cujusque
618 937 686 984 opera
697 923 780 978 fuerat,
800 933 851 973 arte

180 1003 258 1034 omnes
270 987 420 1041 Masinissam,
433 988 556 1048 insignibus
566 987 630 1034 donis
640 988 724 1044 donat3
741 996 772 1042 et,
784 987 849 1036 firmo

177 1052 281 1114 praesidio
292 1053 379 1100 *Salerae
393 1052 504 1114 imposito,
522 1053 571 1114 ipre
586 1068 637 1098 cum
650 1060 735 1098 caetero
749 1054 850 1102 exercita

175 1116 297 1178 ¹profectus,
310 1131 355 1163 non
366 1117 425 1177 agris
436 1117 510 1169 modo,
519 1115 661 1177 quicumque
671 1117 796 1172 incedebat,
808 1133 849 1180 po-

177 1181 315 1242 putatissed
323 1180 411 1226 urbibus
417 1181 483 1227 etiam
490 1181 619 1240 quibusdam
624 1181 849 1244 vicisqueexpugna-

177 1245 214 1297 tis,
226 1245 271 1292 late
280 1244 330 1290 fuso
339 1253 423 1291 terrore
431 1245 491 1297 belli,
504 1246 598 1306 septimo
609 1246 645 1291 die
655 1261 722 1305 quam
733 1246 848 1306 profectas

173 1315 232 1362 erat,
249 1320 353 1370 magnam
367 1308 413 1354 vim
428 1309 544 1355 hominum
557 1316 581 1355 et
590 1310 676 1370 pecoris
687 1315 711 1355 et
721 1312 798 1357 omnis
807 1326 848 1372 ge·

172 1372 237 1420 neris
252 1373 334 1434 praedae
346 1373 482 1426 trahens,.in
496 1380 569 1419 castra
583 1373 652 1430 redit;
711 1389 797 1435 vesque
807 1376 848 1422 ite-

175 1453 228 1485 rum
243 1437 364 1484 hostiiibus.
373 1438 447 1498 spoliis
461 1438 641 1484 naves'dirnittit.
690 1439 741 1491 nde,
758 1439 847 1488 omissis

175 1503 352 1565 ,expeditionibus
361 1501 433 1563 parvis
441 1502 667 1563 populationibusque,
676 1503 705 1548 ad
713 1519 848 1566 oppugnan-

178 1569 229 1614 dam
241 1566 332 1614 Uticam
339 1581 417 1612 omnes
427 1567 479 1612 belli
489 1567 548 1612 vires
558 1567 667 1612 convertit
673 1584 681 1622 ;
696 1583 747 1613 eam
759 1569 846 1623 deinde,
908 1624 909 1627 Ἰ

178 1633 197 1678 si
214 1633 315 1693 cepisset,
335 1631 409 1678 sedem
424 1631 452 1677 ad
469 1637 550 1677 caetera
565 1631 712 1691 exsequenda
720 1633 845 1679 habiturus.

178 1697 250 1744 Simul
261 1702 283 1742 et
294 1711 307 1741 a
317 1696 387 1742 classe
398 1696 487 1742 navales
497 1695 558 1748 socii,
571 1694 614 1756 qni
621 1710 650 1741 ex
657 1703 720 1756 parte
728 1698 846 1746 urbsmari

176 1761 271 1813 alluitur.
293 1761 358 1806 simul
377 1767 399 1806 et
418 1761 528 1806 terrestris
546 1761 656 1807 exercitus
671 1761 698 1806 ab
714 1761 847 1809 imminente

176 1841 245 1887 prope
255 1825 309 1886 ipsis
319 1825 429 1871 moenibus
440 1824 526 1872 tumulo
536 1832 571 1871 est
581 1825 690 1871 adrnotns.
720 1823 847 1874 Tormenta

177 1891 333 1951 machinasque
343 1896 366 1936 et
377 1890 496 1936 advexerat
509 1904 592 1942 secum,
608 1896 631 1935 et
644 1904 674 1936 ex
688 1888 766 1937 Sicilia
779 1892 847 1938 missa

170 1969 229 2002 cum
245 1955 403 2002 commeatibus
417 1961 495 2000 erant:
516 1962 540 1999 et
554 1969 613 2000 nova
627 1954 650 1999 in
665 1957 844 2011 armamentario

176 2020 253 2066 multis
263 2020 340 2066 talium
351 2033 443 2080 operum
453 2017 572 2065 artificibus
582 2019 610 2064 de
623 2017 731 2065 industrii
738 2020 844 2082 inclusis,

171 2083 263 2130 fiebant.
292 2083 435 2131 Uticensibus
446 2080 508 2129 tanti
518 2082 616 2142 undique
625 2083 685 2130 mole
692 2083 846 2131 circumsessis

175 2147 198 2194 in
211 2144 389 2210 Carthaginiensi
403 2147 492 2209 populo,
511 2143 731 2208 Carthaginiensibus
744 2149 770 2194 in
781 2148 845 2196 Has-

176 2213 265 2260 drubale
276 2213 313 2265 ita,
326 2214 343 2258 si
355 2213 374 2258 is
382 2213 489 2258 movisset
498 2211 628 2272 Syphacem,
641 2228 692 2273 spes
700 2214 843 2260 omniserat:

168 2279 216 2326 ,sed
226 2277 332 2324 desiderio
343 2277 491 2338 indigentium
501 2277 576 2323 auxilii
586 2277 669 2323 tardius
675 2286 758 2324 cancta
765 2293 845 2325 move-

174 2344 261 2389 bantur.
297 2337 441 2394 Hasdrubal„
451 2339 599 2387 intentissimi
614 2341 776 2402 conquisitione
791 2358 844 2389 cum

174 2406 203 2452 ad
217 2406 309 2466 triginta
322 2405 391 2456 millia
405 2405 511 2467 peditum,
529 2406 571 2451 tria
585 2407 685 2466 equitum
702 2405 842 2461 confecisset,

166 2483 221 2514 mon
240 2476 315 2514 tamen
334 2476 386 2516 ante
402 2469 522 2528 adventum
540 2470 648 2531 Syphacis
664 2478 736 2518 castra
751 2473 844 2533 propius

168 2532 261 2578 nossem
272 2547 363 2580 movere
373 2541 407 2581 est
417 2550 491 2583 ansus.
518 2535 612 2596 Syphax
621 2551 671 2582 cum
682 2536 846 2598 quinquaginta

167 2595 270 2646 suillibus
280 2597 385 2660 peditum,
397 2600 475 2648 decem
484 2599 589 2661 equitum
593 2600 695 2667 advenitt
713 2600 845 2654 anteon·
