1850 2917
166 120 215 165 sss
271 116 301 164 1.
315 114 404 165 mvn
420 115 474 165 111
488 114 615 165 11111111
634 112 694 165 cn.
709 96 734 161 a:

166 253 223 299 sent,
235 246 300 294 veriti
310 263 340 293 ne
345 247 378 294 ad
389 262 414 293 se
423 247 500 299 iretur,
511 252 535 292 et
545 246 603 291 intre
611 243 697 291 Rhium
709 243 802 308 (fauces
809 254 845 291 ere

166 318 219 359 sunt
231 308 343 359 Corinthii
354 309 453 371 sinds)o
439 312 623 373 opprimerentur.

198 374 272 423 VIII.
298 376 414 438 Philippus
432 376 542 423 moerehat
558 374 647 435 quidem
666 380 689 419 et
706 332 841 435 angehistur,

165 455 218 488 cum
228 441 258 487 ad
267 443 343 488 omnia
352 442 400 503 ipse
411 442 491 502 raptim
502 438 564 493 isset,
580 438 635 486 nulli
649 445 725 485 tumen
738 454 764 485 se
777 438 842 485 reiis

166 512 267 567 tempore
276 504 404 559 occurrisse,
413 513 444 558 et,
454 506 575 566 rapientem
583 502 658 549 omnia
665 517 694 549 ex
703 500 785 557 oculis,
795 504 842 549 eiu·

166 570 222 618 sisse
233 571 367 617 celeritatem
379 566 637 617 suamfortunam.1n
648 567 743 613 concilio
756 575 840 621 autem,

165 636 307 683 disdmulans
318 634 481 697 aegritudinem,
497 634 555 681 elato
568 633 643 679 auimo
657 631 780 689 disseruit,
797 640 843 679 tea-

165 707 226 747 tatus
237 699 303 748 Deos
313 701 498 759 hominesque,“
508 715 533 745 sc
547 698 608 743 nullo
623 697 674 743 loco
684 711 727 743 uec
738 704 843 759 tempore

165 764 270 819 (11111111,
287 766 347 826 quin,
364 766 400 811 ubi
414 763 512 810 hostium
525 778 587 813 arma
597 761 789 823 concrepuissent,
806 778 841 816 eo,

166 828 250 892 qsusnti
265 828 362 877 maximi
377 838 453 891 posset
469 828 588 881 celeritate,
605 826 721 873 tenderet:
745 827 787 873 sed
803 827 843 874 vix

167 896 276 943 rationem
287 895 337 941 iniri
347 910 420 956 posse,
435 902 511 941 utrum
522 894 549 939 ah
563 908 587 939 se
602 890 713 945 audacius,
730 906 760 937 an
775 892 843 954 fuga-

165 960 214 1007 11111
224 961 252 1007 ch
261 960 362 1007 hostibus
372 967 463 1021 geratur
473 958 563 1005 bellum.
599 958 637 1003 Sic
651 958 679 1003 ab
689 954 786 1031 Opunte
796 958 843 1005 At-

164 1024 243 1077 talum,
260 1024 292 1070 sic
307 1024 429 1086 Sulpicium
443 1039 458 1069 a
473 1022 586 1077 Chalcide,
602 1022 680 1069 siccis
695 1021 749 1082 ipsis
763 1022 842 1069 diebus

166 1088 325 1137 Machanidam
336 1105 350 1136 e
360 1090 461 1135 manibus
472 1089 518 1135 suis
528 1088 634 1149 elapsum.
665 1086 710 1133 Sed
721 1101 770 1133 non
782 1102 843 1134 sem-

166 1168 207 1217 per
221 1154 310 1201 felicem
324 1170 374 1201 esse
388 1153 545 1216 fugnmenec
561 1168 602 1214 pro
618 1151 701 1198 difficili
717 1151 740 1198 id
756 1152 842 1199 bellum

167 1219 298 1273 habendum,
314 1220 338 1265 in
353 1234 405 1280 quo,
421 1220 440 1265 si
452 1219 520 1265 modo
530 1231 664 1279 congressus
676 1230 727 1262 curn
738 1217 843 1265 hostibus

167 1284 205 1337 sis,
224 1284 311 1331 viceris.
347 1282 416 1337 Quod
450 1285 530 1331 timum
547 1290 613 1336 esset,
634 1281 800 1329 confessionem
818 1297 843 1329 se

166 1348 264 1395 hostiurn
275 1349 361 1403 habere,
378 1365 517 1410 nequaquam
531 1363 595 1410 pares
610 1363 659 1395 esse
670 1347 723 1393 sibi:
742 1346 807 1394 brevi
818 1352 843 1394 et
917 1334 919 1379 l

166 1413 282 1465 victoriam
293 1414 352 1461 haud
362 1414 450 1461 dubiam
461 1414 594 1467 habiturum,
607 1428 648 1461 nec
656 1412 747 1462 meliore
755 1418 842 1459 eventu

166 1476 842 1591 xiiliculdlldiusiffmRildedidillldlddulldhaeisllIdiaelmegeilt

83 1626 86 1633 ·
165 1607 313 1670 Triphyliam.
348 1610 479 1685 Alipheram
493 1616 568 1658 autem
584 1605 762 1681 Megalopolitis,
780 1606 843 1667 quod

165 1688 258 1720 morum
267 1674 337 1721 1111111
346 1672 424 1719 finium
437 1674 492 1720 satis
505 1672 633 1735 probabant,
650 1670 758 1717 restituit.
779 1672 840 1725 inde,

165 1738 259 1784 namhus
275 1738 372 1799 acceptis
389 1740 417 1785 ab
433 1738 533 1791 Achaeis,
552 1738 627 1799 (erant
640 1742 714 1783 autem
726 1743 773 1782 tres
784 1750 843 1797 qua·

165 1801 272 1849 driranea
290 1809 314 1849 ct
334 1803 429 1848 biremes
450 1799 566 1860 totidem)
578 1800 712 1861 Anticyram
734 1801 838 1863 trajecit:

162 1866 417 1929 mdequanueremshus
425 1873 518 1927 septem,
528 1865 638 1911 stlembus
646 1864 726 1927 viginti
734 1866 840 1940 amplius,

164 1946 228 2007 quos,
244 1940 270 1978 ut
283 1933 429 1998 adjungeret
427 1929 645 1991 Carthaginiensium
660 1930 732 1983 classi,
748 1930 843 1978 miserat

164 1996 189 2043 its
200 1995 375 2046 Corinthium
358 2010 438 2049 esuum,
455 1994 569 2056 profectus
583 1994 612 2041 sd
622 1994 734 2069 Erythras
744 1994 841 2042 1111110-

164 2077 222 2115 rum,
237 2078 289 2123 quae
303 2078 372 2124 prope
387 2060 507 2122 Eupalium
520 2066 579 2113 sunt,
596 2058 763 2107 exscensiouem
775 2059 838 2107 fecit.

164 2124 236 2173 Haud
251 2127 330 2175 fefellit
346 2125 454 2172 AEtolos:
476 2139 528 2171 nam
544 2124 661 2170 hominum
677 2123 737 2184 quod
755 2132 795 2173 aut
814 2126 840 2171 iu

163 2190 224 2252 anga
234 2192 304 2238 autin
313 2191 442 2253 propinquis
450 2189 546 2237 castellis
556 2188 680 2235 Potidaniae
689 2196 755 2249 atque
763 2189 840 2253 Apol-

163 2255 231 2303 loniae
241 2255 309 2310 fuit,
303 2271 326 2302 sn
338 2256 404 2301 silvas
415 2262 548 2315 montesque
559 2244 648 2316 refugit
679 2252 772 2307 Pecora,
785 2269 839 2314 quse

163 2319 221 2367 inter
229 2320 394 2374 festinationem
405 2321 465 2382 abigi
476 2320 613 2397 nequierant,
626 2324 678 2365 sunt
689 2317 774 2397 direpta
781 2319 819 2365 et'
813 2334 838 2367 ru

163 2398 232 2431 naves
246 2385 368 2445 compulsa.
404 2384 465 2433 Cum
481 2386 516 2431 his
531 2380 654 2445 caeterive
668 2380 751 2444 prsedd,
768 2382 839 2433 Nicia
917 2398 918 2411 ³

161 2454 259 2508 praetore
273 2449 412 2495 Achaeorum
426 2449 523 2525 AEgium
538 2449 613 2503 misso,
632 2463 684 2495 cum
700 2446 837 2497 Corinssrum

160 2511 261 2571 petisset,
272 2513 386 2573 pedestres
396 2514 448 2560 inde
459 2514 534 2575 copias
545 2530 584 2577 per
595 2513 709 2561 Boeotism
717 2510 777 2561 terra
785 2514 837 2562 duci

156 2574 240 2637 posit.
266 2576 322 2639 ipae,
342 2578 370 2625 ab
389 2576 513 2628 Cenchreis
531 2586 613 2643 praeter
632 2586 714 2629 terram
733 2578 838 2629 Atticam
