1850 2917
167 99 214 144 106
278 94 307 144 Τ
322 93 411 144 LIVlI
427 94 481 146 Lu·
495 95 579 144 XXV
592 95 658 148 Cst
671 101 711 144 883

165 224 302 284 exstitisset3
319 225 369 286 quis
380 225 458 273 cestris
469 233 587 289 passam
596 227 648 288 quis
656 227 747 290 epum
758 227 841 275 ‹ledis-

165 297 302 353 setpugnse3
312 291 339 339 ad
351 288 839 354 haeetottamnecopiuataprimoomniun
896 338 897 343 ,

165 355 244 402 incerti
263 363 421 418 stupentesque
443 356 542 404 referunt
561 357 654 419 petieru-
678 357 738 411 dein,
760 356 839 405 vabus
897 404 898 415 ,

164 419 310 481 impressione
319 422 385 484 pulsi,
400 428 463 484 terga
474 430 571 468 venunt
606 421 640 469 Et
650 429 689 469 eut
698 421 839 483 fugientium

166 485 239 534 cedes
249 486 309 534 foeds
319 487 404 540 luisset,
416 493 455 533 sut
465 487 595 534 temerarius
604 487 788 548 periculosusque
799 502 839 534 se-
899 521 900 546 q

165 551 282 612 quentium
297 553 401 613 impetus,
419 552 441 598 ui
459 551 561 600 Mercrus
570 568 665 614 propere
680 552 779 613 receptui
795 553 839 600 ds-
900 604 902 613 q

165 615 262 664 disset
245 631 341 692 sigrium,
355 617 507 692 obsistensque
516 617 545 664 ad
554 618 626 693 prirpa
636 617 708 692 signa,
725 617 837 677 quosdam

165 681 205 728 st'
199 696 246 743 ipae
254 683 358 735 retinens,
368 681 501 728 concitatam
512 682 653 743 repressisset
662 682 741 728 scieru-
776 679 838 730 Inde

164 745 189 792 in
199 753 272 793 castra
282 746 359 794 avidos
370 747 441 793 adhuc
452 747 563 807 caedisque
573 755 596 793 et
606 747 721 808 sauguinis
735 746 837 794 reduxit.

166 808 370 873 Carthaginienses,
383 813 468 873 trepide
477 812 550 873 primo
560 813 588 858 ab
597 812 695 858 bostium
711 811 772 860 vello
782 813 838 866 acti,

164 883 282 937 postquam
294 877 405 923 nemiuem
415 877 502 937 insequi
513 876 623 930 videnmt,
636 883 699 922 metu
710 877 840 924 substitisse

81 953 84 962 '
165 939 214 993 rati,
238 941 368 988 contemtim
388 957 465 988 rursus
485 948 508 988 et
529 941 606 987 sedato
624 941 695 1003 gradu
716 942 740 986 in
762 949 841 989 eastra

165 1005 255 1052 abeunt.
289 1005 334 1052 Per
345 1007 483 1068 negligentis
490 1006 514 1051 iu
524 1007 603 1052 cestris
613 1005 764 1052 custodiendis
773 1005 835 1053 fuit:

166 1083 225 1123 nain,
238 1070 279 1116 etsi
290 1071 427 1132 propinquus
438 1071 508 1118 bostis
518 1078 572 1123 erat,
585 1070 660 1117 lemen
668 1069 838 1131 reliquisseum

165 1147 215 1182 esse
226 1135 320 1181 duorum
337 1135 476 1182 exercituum
491 1142 544 1181 ante
559 1150 642 1195 paucos
652 1134 699 1180 dies
709 1133 837 1184 deletorum

166 1200 315 1246 succurrebat.
360 1200 396 1247 Ob
417 1201 460 1246 boc
482 1215 534 1246 cum
555 1199 631 1244 omnis
651 1199 755 1260 neglecte
775 1200 838 1260 apud

165 1263 241 1310 hostes
259 1270 341 1316 essent,
359 1263 481 1324 exploretis
497 1264 531 1316 iia,
549 1262 651 1310 Marcius
666 1263 694 1308 ad
706 1263 835 1319 consilinm,

165 1324 237 1390 prims
248 1328 321 1389 specie
332 1328 473 1374 temerarium
484 1328 556 1389 magis
566 1341 633 1388 quern
641 1327 719 1381 audax,
732 1328 836 1375 animum

164 1391 252 1455 adjecit,
270 1400 295 1439 ut
306 1392 364 1440 ultro
375 1399 448 1440 castre
461 1393 559 1438 hostiurn
575 1399 730 1454 oppugnaret3
746 1392 837 1442 facilisu

164 1473 214 1506 ease
226 1465 293 1510 ratus,
306 1458 372 1504 unius
381 1457 528 1504 Hasdrubalis
535 1458 659 1519 expugnari
666 1464 745 1510 casua
756 1473 836 1517 quam,

164 1523 184 1570 si
202 1539 226 1570 se
243 1539 319 1570 rursus
335 1531 381 1569 tres
395 1523 506 1569 exercitus
520 1537 546 1569 ac
560 1530 606 1568 tres
617 1522 684 1568 duces
695 1522 835 1584 junxissent,

166 1603 206 1635 sus
217 1587 317 1634 defendi:
338 1587 403 1634 simul
414 1593 459 1641 sut,
476 1587 495 1633 si
506 1587 648 1634 successisset
658 1587 744 1648 ooeptis,
756 1601 838 1650 recep-

165 1660 240 1702 turum
249 1669 274 1699 se
281 1653 373 1699 afflictas
382 1667 429 1708 res;
441 1659 487 1705 aut,
497 1653 515 1699 si
522 1653 600 1714 pulsus
608 1659 673 1704 esset,
681 1658 763 1705 umen,
774 1653 838 1701 ultro

165 1717 281 1764 inferendo
292 1733 359 1770 arma,
373 1724 511 1764 contemtum
523 1718 557 1763 sui
568 1717 701 1763 demtumm.

197 1781 350 1829 xxxvlll.
372 1781 411 1828 Ne
427 1789 501 1828 tamen
518 1782 590 1828 subita
610 1796 646 1828 res
664 1789 688 1828 et
709 1787 836 1830 nocturnus

163 1854 235 1896 terror
246 1843 336 1912 [etiam]
345 1862 391 1893 non
400 1862 447 1894 suae
454 1846 553 1892 formnae
560 1847 677 1893 consilium
685 1847 834 1908 perturbaret,

163 1913 307 1974 alloquendos
323 1911 516 1972 adhortandosque
532 1912 573 1958 sibi
591 1911 674 1957 milites
689 1917 758 1964 nmo,
777 1927 837 1959 con·

164 1979 228 2025 cione
239 1975 346 2026 advocati
356 1978 387 2024 ita
402 1977 520 2024 disseruit:
540 1984 556 2006 ‘⁴
568 1975 613 2022 Vel
627 1990 679 2022 mea
692 1991 747 2038 erga
761 1976 836 2038 impe-

162 2049 248 2088 ratores
259 2051 348 2088 nostros
358 2042 422 2088 vivos
433 2050 577 2102 mortuosque
587 2041 664 2102 pietas,
681 2041 720 2088 vel
731 2056 836 2102 presens

163 2107 264 2153 omnium
276 2107 385 2160 nostrdm,
400 2107 488 2160 milites,
500 2106 590 2153 fortune
599 2105 666 2152 fidem
676 2106 749 2154 cuivis
757 2105 836 2156 faeere

161 2177 245 2248 potest,¹
257 2171 311 2217 mihi
321 2171 380 2217 boc
375 2171 499 2233 superium,
511 2178 537 2217 ut
547 2171 645 2232 emplum
651 2171 737 2234 judicio
746 2179 834 2227 vestro,

162 2235 194 2282 ita
205 2249 229 2280 re
240 2231 287 2296 ipse
297 2250 367 2296 greve
377 2249 403 2282 sc
415 2236 534 2282 sollicitam
545 2251 601 2282 esse
638 2234 692 2289 Quo
702 2237 763 2282 enim
772 2242 835 2284 tem·

160 2315 222 2361 pore,
243 2299 286 2345 nisi
305 2307 378 2346 metus
399 2315 520 2347 moerorem
539 2300 723 2376 obstupesqceret,
741 2301 781 2348 vix
800 2302 835 2349 its

161 2378 254 2424 compos
270 2363 314 2409 mei
330 2379 410 2418 essem,
429 2372 454 2412 ut
470 2366 543 2426 eliqua
557 2365 655 2413 solatie'
649 2366 751 2412 invenire
767 2381 834 2428 egro

161 2428 351 2538 delitum
360 2439 552 2554 ridlb'i'il'd
560 2430 834 2542 ffldielimdqii

160 2554 257 2614 quidem,
270 2557 314 2610 ubi,
326 2571 424 2634 quonum
435 2559 503 2604 modo
514 2560 555 2605 bas
569 2559 671 2619 reliquias
682 2559 778 2606 ducrum
789 2574 833 2606 ex-

158 2618 268 2666 ercituum
279 2621 357 2683 petriae
372 2636 505 2672 conseruere
515 2624 606 2686 possim,
624 2623 769 2686 cogitandum
785 2632 831 2678 est,
