1850 2917
156 151 207 204 198'
254 150 284 200 T.
298 147 386 201 LIVII
403 148 456 201 Lu.
469 145 581 199 XXVII.
601 144 661 201 cur.
674 147 713 199 15⁴

153 287 311 346 pugna'esset,
329 279 444 329 Hannibal
457 281 585 347 elephantos
600 281 624 326 in
639 281 733 343 primam
748 278 820 328 aciesit

153 347 228 394 induci
241 348 322 410 jussit;
339 347 439 407 siquem
455 346 546 408 injicere
560 361 587 392 ca
602 361 638 392 res
654 346 777 392 timulturu
794 361 821 393 ac

152 427 258 476 pavorem
268 419 351 474 posset.
386 411 420 458 Et
428 411 501 472 primo
510 408 627 456 turbirunt
640 411 710 471 sigua
720 411 822 458 ordim-

153 491 204 538 (με,
221 484 245 523 et
263 477 342 538 partim
362 475 487 529 ocoisscatis,
504 475 583 537 partim
600 474 711 535 dissipatis
727 482 820 529 terrore,

154 542 192 604 qui
207 542 265 588 circa
278 548 348 594 mant,
366 539 502 586 nudaverant
513 537 558 585 uni
567 546 630 600 parte
639 540 722 585 aciem:
742 540 822 587 latiae

154 621 199 668 que
213 605 268 668 iuga
282 604 399 658 manaret,
417 605 440 649 ni
452 602 481 652 G
492 603 610 650 Decimius
621 603 705 649 Flavius
719 604 823 651 tribunus

154 671 255 724 militum,
274 671 339 732 signo
349 677 437 730 arrepto
446 669 513 730 primi
523 668 608 719 lutati
627 669 764 729 manipulum
775 671 825 732 ejus

154 735 214 797 signi
229 749 253 780 se
267 736 329 794 sequi
339 735 449 797 jussisset.
485 732 566 785 Duxit,
584 733 620 778 ubi
631 734 729 779 maxime
738 734 826 780 tumrul-

155 807 204 846 tum
215 799 355 860 conglobatae
365 799 444 846 bellum
454 797 568 850 indebant,
585 797 674 858 pilaque
683 798 707 842 in
718 813 757 844 eas
767 813 825 844 con-

149 864 191 926 jici
200 865 277 926 Jussit.
312 860 409 910 Haesire
423 863 498 908 omnia
511 862 555 908 tela
568 862 627 907 haud
637 861 761 942 difficilinex
771 879 826 924 pro-

154 933 529 1046 ffllr'ioini‘lisss‘pilnssl
542 933 620 1048 tt?
630 926 824 1051 &iffi

155 1056 226 1118 tergis
243 1055 312 1101 infixa
331 1053 412 1104 stetere
427 1057 479 1117 pila,
497 1057 534 1118 (ut
549 1062 584 1101 eat
599 1070 670 1116 genus
687 1053 782 1116 anceps)
800 1057 825 1102 in

154 1119 233 1182 fugans
243 1121 308 1173 versi,
321 1121 387 1167 etiarn
398 1122 499 1182 integros
509 1116 615 1166 avertite
647 1119 708 1165 Tum
715 1121 764 1182 jam
777 1134 824 1167 nan

156 1199 215 1231 unus
229 1185 360 1247 manipulus,
378 1185 417 1231 sed
430 1201 472 1246 pro
483 1185 609 1245 aequisque
619 1183 689 1237 miles,
706 1186 744 1245 qui
754 1186 827 1231 modo

156 1251 243 1309 assequi
254 1263 336 1311 agmen
345 1249 479 1312 fugientium
490 1250 655 1310 elephantorum
666 1256 761 1310 poterat,
779 1250 826 1311 pila

156 1314 278 1376 conjicere:
297 1329 325 1360 eo
339 1315 412 1375 magis
426 1329 491 1360 ruere
504 1314 529 1358 in
543 1329 596 1359 suos
605 1314 826 1376 belluaeptantoque

156 1379 263 1440 majorem
274 1384 371 1440 stragem
379 1378 450 1432 edere,
468 1393 536 1438 quarn
546 1378 605 1424 inter
614 1379 690 1424 hostes
700 1378 823 1432 ediderant,

155 1449 239 1504 quanto
256 1443 328 1490 acrius
344 1459 414 1506 pavor
430 1450 594 1490 consternatam
612 1443 666 1504 agit,
683 1459 750 1503 quam
769 1444 827 1490 insi-

137 1515 139 1522 '
154 1507 228 1554 dentis
235 1508 336 1570 magistri
346 1509 438 1570 imperio
446 1508 537 1569 regitur.
558 1505 586 1552 In
593 1508 742 1568 perturbatam
751 1515 827 1555 trana-

155 1587 222 1619 cursu
231 1573 353 1620 belluarum
362 1573 431 1619 aciem
440 1573 505 1634 signa
512 1571 610 1618 irsfemnt
617 1571 715 1617 Romani
722 1573 823 1634 podiwa:

154 1643 178 1683 et
194 1637 253 1683 haud
272 1652 355 1698 niagno
373 1639 493 1683 certamine
511 1635 628 1698 disdpstos
646 1637 828 1698 trepidantesque

154 1707 265 1748 avertunt.
293 1699 354 1747 Tum
365 1702 388 1748 in
398 1699 510 1763 fugientes
520 1701 642 1762 equitatum
649 1701 751 1748 immittit
758 1701 827 1749 Mar-

155 1764 239 1822 cellus3
255 1779 298 1812 nec
314 1773 367 1814 ante
382 1764 433 1812 finis
449 1765 554 1826 sequendi
571 1772 606 1811 est
618 1765 698 1819 iactus
716 1781 784 1826 quam
800 1768 825 1814 in

154 1835 227 1876 castra
241 1838 347 1892 paventes
361 1831 469 1892 compulsi
480 1836 546 1876 sunt:
565 1844 616 1876 nam
628 1845 694 1891 super
704 1832 753 1885 alia,
771 1846 825 1892 quae

154 1901 262 1942 terrorem
273 1896 485 1959 trepidationemque
494 1893 600 1947 iacerent,
607 1895 722 1956 'elephanti
736 1912 827 1957 quoque

154 1959 200 2004 duo
209 1959 234 2006 in
244 1957 292 2023 ipsis
301 1959 366 2024 porti
376 1966 518 2016 corruerant3
535 1959 650 2020 coactique
663 1969 727 2007 erant
742 1962 827 2008 milites

154 2037 194 2084 per
207 2023 292 2071 fossam
305 2026 432 2086 salumque
446 2039 511 2070 ruere
524 2024 548 2070 in
562 2032 642 2070 castra.
677 2023 712 2071 Ibi
726 2027 827 2073 maxima

154 2087 253 2162 hoqtium
266 2090 340 2136 caedes
353 2090 425 2137 sacta:
444 2104 503 2135 caesa
517 2089 545 2135 ad
555 2095 607 2134 octo
617 2089 688 2135 millia
696 2091 824 2143 hominum,

153 2153 403 2266 latinitate
414 2153 590 2280 &iffi
597 2161 828 2281 tttttffltttt

154 2284 178 2324 et
186 2279 296 2327 sociorum
308 2297 373 2344 supra
384 2284 444 2329 mille
454 2290 478 2328 et
489 2289 607 2334 trecentos,
618 2284 700 2329 occisi:
714 2285 827 2332 vulnmati

155 2345 258 2404 pennulti
269 2345 351 2392 civium
362 2348 523 2407 sociorumque.
551 2344 665 2393 Hannibal
673 2356 741 2395 nocte
748 2351 828 2410 proxi-

155 2404 193 2451 mi
199 2415 272 2454 castra
281 2409 358 2456 movit.
386 2409 521 2472 cupientem
531 2411 616 2472 insequi
626 2411 762 2460 Marcellum
772 2429 828 2476 prc-

154 2469 225 2516 lribuit
235 2473 353 2520 multitudo
364 2475 497 2522 sauciorum.

192 2532 249 2580 XV
278 2537 438 2599 Speculatores,
463 2541 504 2601 qui
523 2549 710 2602 prosequerentur
731 2534 826 2606 agarem

153 2611 227 2651 musa·
240 2607 330 2662 postero
348 2603 384 2650 die
402 2604 531 2659 renuerim,
549 2604 652 2652 Bruttios
671 2606 829 2657 Hsnmlalem

154 2663 545 2725 psters=1istemferedietusat
557 2668 633 2726 adst
645 2669 753 2721 Fulvium
770 2689 831 2722 cora-
