1850 2917
136 186 138 194 ,
161 143 208 190 172
263 137 293 188 Τ.
307 137 395 188 LIVII
412 135 577 189 Lan-XXVI.
597 134 656 187 car.
670 139 710 184 ts

158 268 187 317 sd
197 269 375 332 supplementum
386 269 498 332 remigum
507 268 581 315 dedit:
600 275 624 314 et
634 273 726 314 auxerm
733 265 828 313 naribus

157 341 210 381 octo
229 337 322 398 captivis
337 335 440 387 ,classein-
483 333 558 381 Extra
575 335 634 380 hanc
653 331 826 385 multitudinem,

135 398 137 404 ’
159 395 314 462 Hispanorum
333 399 419 446 obsides
437 406 517 456 erant3
536 413 632 458 quorum
648 397 747 458 perinde,
766 411 792 442 ac
810 395 830 441 si

159 466 271 512 sociorum
281 465 343 512 liberi
358 470 439 517 essent,
451 478 505 510 cura
514 463 594 510 habita.
630 461 717 523 Captus
727 467 752 507 et
761 475 830 522 appa-

128 533 130 590 ]
159 537 221 576 ratus
232 531 312 592 ingens
323 529 389 586 belli;
407 528 525 590 catapultae
533 528 638 574 maximae
647 527 728 572 formae
738 532 831 572 centum
870 578 877 582 ι

159 594 248 656 viginti,
265 596 363 641 minores
374 593 477 640 ducentae
487 593 603 654 octoginta
620 599 643 638 et
657 605 716 637 una:
735 589 832 636 ballietae

159 661 255 722 maj0res
263 659 344 720 viginti
351 666 404 711 tres,
414 659 513 703 minores
521 657 682 718 quinquaginta
689 655 751 702 duae:
769 666 832 701 scor·

158 723 251 786 pionum
262 725 370 785 majorum
381 723 544 782 minorumque,
562 729 585 768 et
599 730 711 768 armanum
723 719 833 766 telorum-

160 803 210 849 que,
222 789 428 850 iugensnumerus:
445 787 509 848 signa
516 787 619 832 militaria
627 785 768 848 septuaginta
775 798 835 844 qua-

160 859 218 900 tuor.
262 853 295 900 Et
316 853 363 899 auri
382 851 514 914 argentique
534 851 604 897 relata
622 851 652 897 ad
673 851 834 910 imperatorem

160 931 243 980 magna
259 919 307 964 vis:
326 924 409 979 pcterae
424 932 497 963 aureae
512 915 604 962 luerunt
621 916 724 961 ducentae
740 921 833 975 separa·

159 983 224 1043 ginta
241 997 287 1035 sex,
303 982 368 1028 libras
382 981 453 1028 ferme
471 995 549 1027 omnes
564 980 653 1042 pondo:
672 980 760 1040 argenti
776 977 832 1024 facti

161 1046 287 1108 signatique
303 1046 379 1092 decem
397 1053 420 1092 et
437 1054 488 1092 octo
503 1046 571 1091 millia
587 1053 610 1091 et
626 1050 727 1090 trecenta
736 1043 829 1105 pondo:

160 1125 265 1157 vasorum
276 1117 433 1173 argenteorum
448 1124 545 1172 magnus
556 1125 675 1156 numerus:
693 1109 742 1154 luaec
754 1109 834 1154 omnia

163 1173 192 1224 C·
205 1173 316 1222 FlamInio
326 1177 432 1236 quaestori
447 1190 544 1237 appensa
558 1180 747 1232 annumerataqne
761 1180 831 1218 sunta

161 1239 228 1286 tritici
236 1241 382 1302 quadragInta
392 1240 460 1286 millia
470 1240 577 1294 modium,
587 1239 663 1285 hordei
673 1238 770 1284 ducenta
781 1252 835 1298 sep-

161 1304 270 1366 tuagInta.
306 1305 384 1351 Naves
401 1305 508 1351 onerariae
527 1304 644 1365 sexaginta
660 1311 706 1348 tres
722 1303 746 1347 in
762 1310 833 1362 portu

161 1376 447 1481 uititaetttaett‘
464 1370 566 1486 tit
579 1367 832 1493 iimmiiiiiii

156 1475 159 1482 ¹
275 1466 281 1488 I
367 1467 373 1488 Ι
824 1463 832 1484 Ι

162 1505 186 1546 et
196 1507 277 1560 sparto,
290 1505 313 1546 et
323 1499 396 1546 navali
412 1451 563 1546 alitpmaterit
572 1498 601 1544 ad
611 1498 704 1544 classem
718 1494 835 1542 redifican-

162 1563 230 1621 dam;
247 1571 273 1610 ut
291 1564 408 1610 minimum
425 1564 533 1617 omnium,
552 1563 611 1609 inter
624 1568 698 1608 tantas
712 1575 767 1622 opes
780 1560 835 1608 belli

162 1635 244 1690 captas,
258 1627 374 1689 Carthago
384 1629 432 1690 ipsa
441 1628 516 1676 fuerit.
792 1651 795 1656 ·

195 1691 316 1741 XLVIII.
336 1692 373 1738 Ilo
385 1692 420 1739 die
431 1692 513 1755 Scipio,
528 1691 557 1742 C·
568 1692 641 1740 Laelio
652 1707 703 1739 cum
714 1690 781 1738 sociis
792 1705 835 1738 na·

160 1757 246 1802 vahlrus
257 1758 333 1802 urbem
349 1756 459 1804 custodire
469 1759 542 1820 jusso,
558 1757 639 1818 ipsein
650 1764 723 1803 castra
731 1756 837 1817 Ιεςίοιια

161 1821 264 1868 reduxit:
283 1820 399 1882 lassosque
409 1823 491 1869 milites
501 1824 604 1868 omnibus
615 1837 660 1868 uno
671 1822 706 1867 die
716 1821 767 1867 belli
778 1835 835 1881 ope-

162 1887 222 1932 ribus
234 1886 325 1950 (quippe
335 1887 374 1947 qui
385 1895 408 1933 ct
418 1887 466 1934 acie
473 1885 622 1940 dimicisaent,
631 1894 655 1933 et
662 1883 769 1948 capiendi
778 1886 836 1932 urbe

162 1958 249 2027 taqtnnr
261 1952 341 1998 laboris
350 1951 486 2013 periculique
496 1951 600 2004 adlsoem,
612 1959 635 1997 et
646 1948 717 2012 capti,
736 1965 788 1997 curn
799 1950 836 2028 Aiis

101 2110 105 2118 .
161 2030 234 2138 iiiii
242 2031 319 2127 iiiii
330 2015 652 2144 iiiiiiiii‘ii'iiiii
666 2017 719 2132 iii
727 2030 836 2126 titt

162 2143 320 2204 navalibusque
335 2147 401 2192 sociis
416 2146 551 2199 convocatio,
568 2146 665 2206 primum
676 2145 730 2191 Diis
740 2145 835 2190 immor-

162 2208 242 2253 talIbus
259 2208 381 2269 laudesque
397 2217 420 2256 et
438 2218 514 2272 grates
532 2210 586 2271 egit,
606 2211 645 2270 qui
664 2225 688 2256 se
707 2224 754 2256 non
773 2209 835 2256 urbia

162 2271 236 2317 solum
253 2272 426 2333 opulentissimae
445 2276 546 2321 omnium
564 2275 587 2320 ia
602 2272 713 2335 Hispanid
732 2289 778 2320 uno
797 2273 836 2321 die

162 2342 289 2396 compotem
300 2335 411 2391 iecissent,
424 2339 463 2384 aed
474 2347 527 2386 ante
536 2354 564 2385 eo
575 2340 742 2400 congessissent
760 2339 835 2384 omnis

162 2413 228 2459 paene
239 2399 324 2445 Airicae
335 2408 401 2460 atque
413 2401 532 2464 Hispaniae
540 2418 607 2465 opes;
619 2411 644 2448 ut
653 2418 724 2462 neque
731 2402 835 2449 hostibus

162 2461 280 2522 quidquam
292 2463 459 2524 relinqueretur,
472 2475 496 2513 et
506 2467 547 2513 sibi
561 2483 587 2513 ae
602 2467 647 2514 suia
664 2467 741 2513 omnia
754 2479 835 2527 supera

161 2533 244 2572 essent.
279 2526 380 2574 Militum
397 2529 477 2576 deiude
491 2531 597 2579 virtutem
612 2530 753 2583 collaudavit,
773 2531 835 2590 quod

161 2603 200 2662 ¹eos
211 2603 256 2636 nou
267 2592 354 2652 eruptio
368 2593 474 2648 hostium,
490 2610 536 2642 non
550 2595 643 2642 altitudo
653 2594 770 2648 moenium,
787 2609 835 2640 non

162 2654 300 2716 inexplorata
312 2657 387 2718 stagni
397 2659 460 2714 vada,
473 2675 519 2706 nou
530 2660 645 2708 castellum
655 2660 679 2705 in
689 2659 736 2706 alto
746 2659 836 2706 tumulo
