1850 2917
164 140 196 183 88
279 136 309 184 T.
320 135 409 185 LIVII
426 134 480 185 Lis.
491 131 575 185 XXV.
594 135 655 186 cn».
668 134 720 183 Ἀ

167 268 327 329 Syracusamr'n
339 270 476 333 oppugnatio
486 268 514 315 sd
523 267 670 320 linemvenit,
684 270 846 327 praeistqm

163 334 187 379 vi
199 349 225 380 ac
235 336 319 381 virtute
335 335 397 382 ducis
411 334 571 393 exercitbsque,
583 329 689 378 intestini
699 330 767 376 etiarn
781 345 839 392 pro·-

163 398 248 446 ditione
258 400 339 463 adjuta
375 398 482 459 Namque
493 398 623 450 Marcellus,
641 396 706 442 initio
722 395 782 441 veris
798 395 840 440 in·

162 470 243 519 certus,
262 472 337 511 utrum
354 464 506 527 Agrigentum
522 462 550 508 ad
566 461 719 508 Himilconem
735 466 760 505 et
772 458 837 520 Hip-

161 536 267 591 pocrmen
279 535 375 576 verteret
385 530 475 581 bellum,
486 542 515 574 arr
526 526 639 573 obsidione
650 526 772 585 Syracusas
782 538 838 584 prc-

163 601 242 647 meret‚
260 608 392 655 quamquam
409 608 449 639 nec
466 593 489 638 vi
505 592 553 653 capi
573 592 661 637 ridebat
681 604 748 651 posse
766 588 835 635 inex·

163 658 305 721 pugnabilem
324 658 421 705 terrestri
443 673 470 704 ac
492 657 603 702 maritimo
624 656 669 702 situ
685 655 769 708 urbem,
791 668 838 700 nec
917 667 920 676 ·

165 722 231 777 lame,
250 738 317 785 quam
333 738 402 784 prope
418 722 481 768 liberi
500 722 529 766 ab
543 719 681 781 Carthagine
695 726 836 770 commeatus

159 787 263 845 alerent;
275 796 357 839 tamen,
366 801 395 835 nc
402 786 456 847 quid
462 786 602 847 inexpertum
610 785 750 845 relinqueret,
759 791 836 830 trans·

165 850 232 913 sugas
244 853 395 913 Syracusanos
406 852 481 914 (erant
490 859 565 896 autu
573 850 632 911 apud
638 849 755 895 Romanos
764 848 836 909 aliqui

163 916 294 962 nobilissimi
310 915 359 968 viri,
376 917 434 962 inter
450 914 596 961 defectionem
612 914 639 960 nl)
650 914 768 966 Romanis,
780 914 836 973 quia

164 982 192 1027 ab
207 982 272 1027 novis
289 980 386 1027 consiliis
402 981 554 1033 abhorrebant,
571 976 641 1042 pulsi)
657 978 772 1039 colloquiis
782 992 836 1025 suat

162 1044 232 1106 partis
246 1052 333 1092 tentare
348 1044 464 1091 bominum
480 1044 566 1091 animos
572 1044 647 1106 jussit,
659 1049 683 1089 et
691 1041 759 1089 iidem
770 1042 832 1096 dare,

164 1109 287 1157 sitraditae
301 1109 375 1156 forent
392 1110 517 1170 Syracuse,
534 1110 615 1155 liberos
630 1122 670 1154 eos
686 1122 713 1153 sc
732 1107 779 1153 suis
798 1106 835 1153 ls-

163 1174 230 1237 gibus
240 1175 338 1221 uicturos
349 1189 404 1221 esse
440 1172 496 1220 Non
512 1181 560 1220 erat
575 1172 679 1233 colloquii
694 1172 764 1233 copis,
780 1171 836 1231 quia

163 1240 285 1285 multorum
304 1240 372 1286 animi
391 1240 488 1301 suspecti
503 1238 604 1284 omnium
619 1252 695 1284 curam
711 1236 837 1297 oculosque

163 1311 326 1357 converterant,
344 1319 373 1350 ne
389 1304 447 1365 quid*
455 1303 543 1350 falleret
556 1303 602 1349 talc
616 1302 744 1349 admissum
779 1300 838 1348 Ser·

163 1384 206 1418 vus
222 1383 280 1415 unus
295 1369 404 1421 exsulum,
422 1384 462 1430 pro
478 1365 596 1429 transfugi
603 1367 745 1413 intromissus
754 1364 779 1410 iu
794 1380 835 1414 ur·

162 1434 221 1487 bem,
241 1433 357 1480 conventis
377 1434 459 1495 paucis,
481 1433 569 1479 initium
589 1431 729 1493 colloquendi
744 1430 773 1477 de
792 1430 835 1477 tali

160 1514 188 1545 re
204 1497 269 1545 iecit:
295 1498 373 1544 deinde
393 1498 416 1543 iu
432 1496 550 1560 piscatorii
565 1497 655 1557 quidnm
671 1496 729 1549 navi,
747 1495 834 1541 retibus

164 1563 242 1625 operti,
259 1563 446 1623 circumvectique
461 1563 494 1610 ita
508 1562 537 1609 ad
551 1568 623 1609 castra
632 1561 744 1613 Romana,
761 1559 835 1606 collo-

164 1629 254 1689 cutique
265 1627 463 1690 cumtransfugis;
480 1634 504 1674 et
513 1626 572 1673 idem
583 1626 665 1688 saepius
674 1624 752 1671 eodem
763 1624 835 1671 modo

163 1692 200 1741 alii
216 1700 282 1754 atque
298 1693 348 1739 alii:
373 1700 487 1755 postremo
503 1692 532 1739 ad
549 1692 666 1753 octoginta
684 1690 745 1737 nott
788 1688 832 1743 Et,

163 1772 215 1804 cum
228 1758 275 1819 jam
292 1759 414 1820 composita
430 1758 506 1804 omnia
527 1757 556 1803 ad
577 1756 725 1819 proditionem
747 1762 834 1810 essent,

161 1821 243 1868 indicio
259 1822 331 1869 delato
348 1823 376 1873 sd
391 1822 510 1885 Epicyden
524 1837 566 1883 per
580 1820 684 1869 Attalum
702 1820 832 1881 quemdam,

161 1886 314 1949 indignantem
339 1888 378 1935 sibi
402 1902 450 1933 rem
474 1887 580 1934 creditam
604 1900 651 1932 non
673 1900 731 1939 esse,
756 1886 835 1932 nenati

161 1967 241 1999 omnes
256 1968 307 1999 cum
324 1954 422 2001 cruciatu
438 1960 498 1998 suut
533 1951 587 1998 Alia
597 1950 689 1997 subinde
699 1964 757 2012 spes,
769 1957 836 2012 post·

161 2030 228 2077 qusrn
245 2018 294 2063 haec
313 2032 371 2065 vana
385 2023 493 2070 evaserat,
512 2016 607 2077 excepit.
642 2015 771 2076 Damippus
782 2014 835 2076 qai·

161 2082 213 2127 dmn
224 2080 415 2135 Lacedaemonius
433 2082 514 2128 missus
530 2081 558 2127 ab
574 2080 691 2141 Syracusis
706 2078 734 2125 ad
745 2078 836 2141 Philip·

160 2160 214 2207 pum
231 2160 314 2207 regern,
333 2156 411 2208 captus
426 2146 453 2192 ab
464 2145 574 2192 Romanis
584 2145 676 2191 nauibus
686 2150 741 2191 erat.
776 2143 836 2191 Hu-

156 2212 197 2271 jus
213 2210 289 2269 utique
306 2210 426 2257 redimendi
441 2218 465 2257 et
478 2210 586 2273 Epicydae
602 2224 656 2255 cura
670 2215 719 2255 erat
733 2209 835 2271 ingens3

162 2288 205 2320 nec
225 2275 301 2327 abnuit
322 2274 451 2328 Marcellus,
469 2276 518 2336 jam
541 2282 589 2321 tum
605 2274 743 2327 AEtolorum‚
767 2274 837 2335 cujus

161 2340 237 2400 gentis
254 2339 308 2384 socii
321 2338 487 2386 Lacedaemonii
503 2347 572 2393 erant,
589 2339 709 2386 amicitiam
724 2336 836 2385 affectan-

161 2402 220 2449 tibus
229 2400 345 2449 Romanis.
381 2404 419 2450 Ad
432 2404 567 2464 colloquium
584 2404 612 2450 dc
628 2404 766 2451 redemtione
782 2404 835 2465 ejus

160 2466 241 2519 missis,
264 2467 350 2513 medius
369 2469 467 2515 maxime
485 2476 551 2530 atque
572 2470 672 2530 utrisque
690 2474 835 2531 opportunus

159 2530 230 2582 locus,
248 2530 275 2575 nd
291 2538 379 2591 portum
391 2532 552 2595 Trogilorum,
563 2541 653 2596 propter
663 2534 750 2587 turrim,
761 2548 834 2593 quam

160 2600 242 2638 vocant
256 2595 398 2657 Galeagram,
415 2604 450 2643 est
460 2598 537 2645 visus:
556 2614 601 2659 quo
612 2614 664 2645 cum
674 2595 757 2660 septus
766 2611 839 2645 edna-¹

159 2664 266 2713 mearent,
277 2674 334 2707 unus
343 2674 371 2707 ex
380 2661 498 2718 Romanis,
507 2678 536 2711 ex
543 2665 669 2727 propinquo
675 2676 766 2711 murum
775 2678 834 2711 coa-

638 2816 658 2856 Ι
