1850 2917
912 339 913 381 l

199 452 471 504 senonensem
489 451 784 507 unnnmreusuun
829 412 832 423 ⁵
913 447 914 523 l

156 584 196 633 Er
208 584 284 633 Sicilii
298 583 328 633 C.
343 584 429 632 Laelius
442 584 467 631 in
478 583 578 633 Africam
593 600 607 633 a
623 586 728 649 Scipione
744 584 830 631 unimus
914 557 915 607 l

155 651 272 712 ingentem
287 650 386 711 praedam
401 650 529 711 reportarit,
546 659 569 698 et
579 651 684 697 mandata
695 650 828 696 Masinissae
915 667 916 701 l

156 843 251 898 linitum,
268 844 353 891 victore
363 844 476 897 Romano,
489 844 549 905 quod
560 843 660 891 Indibilis
671 845 809 891 excitaverat
817 858 832 900 3·

155 909 204 970 ipsc
213 910 237 955 in
246 909 294 955 acic
301 911 400 967 occisua3
412 908 549 955 Mandonius
560 910 731 973 exposcentibus
739 908 828 955 Roma-
917 914 918 927 ¹

156 974 191 1019 nis
202 988 216 1020 a
227 974 273 1019 suis
285 974 371 1019 deditus
383 981 424 1020 est.
460 972 565 1035 Magoni,
578 976 648 1035 quiin
662 972 738 1021 Gellii
748 980 771 1019 et
783 970 827 1018 Li-

155 1038 248 1099 guribus
256 1046 310 1090 eat
320 1052 349 1083 ex
357 1036 436 1085 Africi
445 1045 469 1084 et
477 1039 571 1085 militum
580 1040 653 1101 ampla
661 1054 741 1085 manus
749 1037 821 1091 missa,
918 1046 919 1049 ’

155 1102 294 1164 etpecuniae,
304 1104 382 1163 quibus
389 1103 471 1149 auxilia
477 1102 621 1151 conduceret:
635 1110 818 1165 praeceptumque

156 1175 182 1213 ut
189 1182 213 1213 se
222 1166 343 1214 Hannibali
348 1170 463 1230 jungeret.
493 1168 568 1230 Scipio
575 1185 588 1215 a
596 1169 713 1229 Syracusis
722 1168 745 1212 in
755 1166 820 1213 Brut·

155 1233 199 1277 tics
220 1233 312 1294 trajecit,
330 1240 353 1277 et
370 1232 463 1285 Locros,
480 1233 545 1293 pulso
556 1232 643 1279 Punico
658 1233 770 1294 praesidio,
788 1232 820 1277 is-

154 1302 253 1357 gatoque
264 1296 398 1349 Hannibale,
411 1298 499 1358 recepit
531 1297 581 1344 Pax
592 1314 642 1343 cum
654 1296 821 1359 Philippcfadt

154 1367 197 1406 cst.
229 1359 290 1407 ldaea
301 1360 377 1407 Mater
388 1362 502 1422 deportata
512 1370 546 1408 est
558 1362 655 1409 Romam
667 1361 822 1408 aPessinurle

154 1424 236 1487 oppido
248 1424 362 1506 Pbrygiae,
380 1427 478 1473 carmine
488 1427 510 1472 in
521 1427 581 1473 libris
594 1426 706 1487 Sibyllinis
722 1427 822 1475 invento.

156 1491 236 1552 “pelli
257 1490 323 1537 Italia
341 1491 486 1553 alienigenam
503 1492 590 1538 hostem
613 1506 686 1553 posse,
707 1491 726 1536 si
746 1491 823 1537 Mater

156 1553 219 1602 Idaea
236 1557 350 1617 deportata
361 1555 459 1602 Romam
473 1555 557 1602 easet.’‘
591 1555 684 1603 Tradita
697 1563 773 1602 nutem
790 1560 826 1601 est

155 1619 266 1666 murenis
274 1637 313 1683 per
320 1621 422 1666 Attalum
430 1636 506 1682 regem
516 1620 586 1667 Asiae.
614 1619 683 1682 Lapis
691 1627 745 1673 erat,
755 1634 823 1679 quem

155 1684 257 1731 Matrem
268 1684 348 1731 Dedm
359 1685 439 1731 incolae
447 1684 555 1731 dicebant.
592 1684 690 1746 Excepit
704 1684 733 1730 P.
748 1684 823 1745 Scipio

155 1747 247 1801 Nasica,
265 1747 309 1796 Cn.
323 1748 388 1802 libus,
404 1750 459 1811 ejus,
472 1750 542 1809 quiin
555 1748 666 1810 Hispaniti
676 1749 779 1810 perierat,
788 1748 824 1794 vir

155 1813 253 1873 optimus
264 1828 277 1859 a
287 1822 366 1860 senatu
375 1815 496 1875 judicatus,
509 1814 637 1860 adolescens
650 1814 751 1859 nondum
762 1827 824 1873 quae-

154 1878 243 1932 storius,
256 1879 360 1939 quoniam
370 1879 402 1924 ita
413 1893 543 1939 responsum
553 1879 651 1941 jubebat,
670 1885 685 1907 ⁴⁶
698 1885 723 1924 ut
740 1892 824 1923 numen

153 1942 176 1988 id
198 1944 226 1989 ab
247 1945 331 2004 optimo
356 1944 405 1990 viro
428 1944 561 2004 reciperetur
584 1940 823 2003 consecrareturque.”

154 2005 282 2054 Locrenses
298 2009 385 2069 legatos
401 2007 499 2053 Romam
515 2009 631 2061 miserunt,
649 2008 687 2068 qul
704 2007 731 2053 de
750 2007 824 2068 impc-

152 2070 224 2118 tentid
235 2072 267 2125 Q.
278 2071 382 2119 Plemiaii
393 2073 461 2134 legati
472 2080 623 2133 quererentur,
636 2074 696 2133 quod
706 2072 824 2133 pecuniam

153 2134 297 2196 Proserpinae
307 2138 434 2191 abstulerat,
446 2145 470 2183 et
482 2136 562 2183 liberos
578 2152 655 2183 eorum
670 2152 696 2183 ac
714 2138 824 2198 conjuges

153 2207 298 2261 stupraverat
326 2199 457 2255 Pleminius,
465 2202 489 2247 in
497 2201 686 2247 cateniaRomam
694 2202 824 2262 perductus,

152 2264 177 2308 in
193 2278 282 2310 carcere
297 2272 399 2316 mortuus
416 2274 457 2311 est
495 2264 554 2313 Cum
571 2265 640 2311 salsus
657 2281 734 2330 rqmor
749 2265 777 2310 de
793 2264 822 2310 P.

154 2326 259 2387 Scipione
274 2328 414 2387 proconsule,
432 2331 508 2389 quiin
526 2329 600 2377 sicilia
618 2338 673 2382 erat,
694 2330 717 2374 in
735 2328 825 2375 Urbem

151 2390 251 2451 perlatus
266 2397 332 2443 essct,
348 2398 462 2452 tamquam
483 2395 502 2440 is
520 2395 669 2440 luxuriaretur
678 2410 686 2451 ;
703 2394 777 2439 missis
789 2395 825 2444 ,ob

151 2452 195 2497 hoc
203 2453 284 2514 legatis
291 2468 305 2499 a
312 2463 398 2508 senatu,
408 2459 447 2517 qni
455 2459 597 2518 explorarent
605 2473 633 2504 an
642 2474 669 2505 ea
676 2473 730 2504 vera
737 2466 822 2511 essent,

151 2524 260 2577 purgatus
271 2516 361 2563 infamiis
374 2519 448 2583 Scipio
463 2523 487 2567 in
499 2522 600 2569 Aiiicam
616 2523 710 2585 trajecit,
731 2522 824 2568 senatus

150 2579 268 2639 Piisffllffl·
311 2582 411 2642 Syphtx,
433 2584 569 2647 acceptd'in
589 2588 755 2633 matrimonium
778 2584 824 2632 lilid

150 2641 298 2693 Hndubalis
310 2646 425 2709 Gisgonis,
444 2651 556 2708 amicitiae,
574 2667 641 2716 quam
653 2667 704 2698 cum
717 2650 823 2713 Scipione
