1850 2917
215 118 244 168 a.
258 117 346 166 mvn
362 117 415 166 aa
429 117 515 166 xxx
535 116 595 169 cn.
609 125 633 167 a.
710 126 758 172 ssi
811 100 818 184 ¹.

87 263 141 312 gum
155 247 240 296 duabus
250 249 378 310 legionibus
390 249 442 312 (sub
453 248 560 296 Lucretio
571 249 652 314 Spurio
661 265 696 298 eae
708 250 762 300 fust
781 235 784 243 Ι
811 233 815 252 ¹

88 310 150 372 rant)
171 313 295 374 Quintilius
315 313 389 360 Varus
408 321 442 362 est
461 314 559 360 sortitus.
599 314 633 361 Et
651 313 763 364 Lucretio

87 385 234 438 prorogatum
251 378 374 438 imperium,
392 385 418 423 ut
430 378 535 425 Genuam
550 379 662 440 oppidum,
679 381 762 429 aMa-

87 456 150 502 gone
158 440 232 488 Poeno
243 441 347 495 dirutum,
360 441 514 488 exaedificaret.
550 442 578 489 P.
593 441 698 507 Scipioni,
711 459 761 492 noar

84 507 203 566 temporis,
222 507 261 552 sed
276 506 307 553 rei
321 506 425 568 gerendae
435 505 494 559 iine,¹
505 505 576 553 donec
587 508 718 554 debellatum
734 504 758 556 in

87 569 167 616 Africa
185 569 251 624 foret
269 577 413 632 prorogatum
432 572 548 632 imperium
567 579 616 627 est;
633 573 759 621 decretum·
817 608 819 611 -

88 649 140 694 que,
158 643 184 681 ut
201 635 330 696 supplicatio
346 634 416 688 fieret,
433 635 494 695 quod
512 636 531 680 is
546 635 576 686 in¹
587 635 688 682 Africam
705 651 764 699 pro-¹

86 699 185 756 vinciam
194 701 322 761 trajecisset,
334 707 359 746 ut
370 715 396 746 ea
406 715 442 746 res
451 699 553 746 salutaris
562 701 644 762 populo
652 701 759 754 Romano

88 763 176 824 ipsique
187 765 315 825 ducixatque
325 763 431 810 exercitui
442 770 508 810 esset.
734 796 737 804 ·
756 794 761 800 -

93 857 99 872 ‚
121 827 156 874 II.
171 827 201 874 In
212 829 308 876 Siciliam
319 828 362 874 tria
371 828 439 874 millia
450 827 546 874 militum
556 836 609 875 sunt
616 831 710 892 scripta:
725 848 738 879 e

86 893 146 954 quia,
164 889 224 953 quod
238 894 322 939 roboris
333 909 359 939 ea
369 892 483 954 provincia
493 894 604 946 habuerat,
620 895 644 939 in
655 895 757 942 Africam

87 965 241 1004 transvectum
248 957 326 1010 fuerat,
339 972 368 1002 ne
378 973 422 1017 qua
430 957 506 1002 classis
516 972 546 1003 ex
553 957 632 1004 Africa
639 960 762 1022 trajiceret*

89 1021 237 1083 quadraginta
249 1023 341 1068 navibus
355 1021 460 1068 custodiri
474 1022 587 1082 placuerat
598 1023 679 1070 Siciliae
689 1027 757 1072 mari-

88 1087 167 1132 timam
182 1102 251 1132 oram.
286 1085 404 1132 Tredecim
419 1101 489 1132 novas
504 1101 572 1132 naves
583 1086 665 1133 Villius
680 1087 759 1135 secum

88 1152 111 1196 in
124 1151 222 1197 Siciliam
234 1151 309 1198 duxit:
329 1157 416 1197 caeterae
431 1152 454 1196 in
467 1148 541 1196 sieilia
556 1158 641 1198 veteres
656 1152 755 1200 reiectae.

89 1213 154 1260 Huic
165 1215 230 1260 classi
240 1215 277 1261 M.
291 1214 436 1276 Pomponius,
450 1215 530 1275 prioris
540 1215 592 1260 anni
602 1223 692 1277 praetor,
704 1233 763 1278 pro-·

88 1286 169 1340 rogato
189 1279 281 1340 imperio
298 1279 438 1340 praepositus,
456 1293 528 1324 novos
546 1280 627 1326 milites
643 1296 672 1327 ex
691 1279 757 1330 ltalia

88 1343 195 1390 advectos
214 1344 237 1388 in
257 1359 325 1390 naves
343 1343 455 1404 imposuit
500 1342 580 1393 Parem
602 1347 692 1392 navium
713 1362 762 1397 nu-

89 1424 177 1454 merum
196 1405 240 1456 Cn.
255 1407 357 1461 Octavio,
374 1407 463 1468 praetori
474 1408 528 1452 item
538 1408 618 1468 prioris
627 1411 686 1463 anni,
704 1417 764 1457 cum'

85 1473 135 1535 pari
145 1473 197 1534 jure
211 1472 296 1534 imperii
313 1473 342 1518 ad
353 1471 457 1519 tuendam
470 1472 578 1518 Sardiniae
592 1489 661 1527 oram,
678 1472 763 1521 Patres>

87 1538 242 1584 decreverunt.
282 1535 392 1582 Lentulus
411 1544 493 1596 praetor
512 1536 556 1581 duo
574 1537 643 1584 millia
661 1538 765 1584 militum*

86 1603 140 1648 dare
156 1602 178 1646 in
195 1617 262 1648 naves
272 1602 357 1663 jussus.
392 1600 425 1646 Et
436 1599 508 1646 Italiae
519 1616 565 1654 ora,
582 1602 633 1662 quia
647 1601 757 1648 incertum
795 1617 798 1635 ¹

87 1675 144 1720 erat,
169 1681 213 1725 quo
235 1666 323 1712 missuri
344 1665 436 1714 classem
457 1664 654 1726 Carthaginienses
673 1666 757 1723 forent,
785 1673 789 1683 “

86 1731 231 1794 (videbantur
239 1738 320 1783 autem,
338 1729 442 1790 quidquid
453 1729 560 1775 nudatum
570 1731 678 1791 praesidiis
688 1740 756 1788 esset,

86 1792 190 1858 petituri)
208 1794 244 1840 M.
254 1793 350 1847 Marcio,
367 1794 457 1855 praeton‘
473 1794 552 1855 prioris
564 1795 624 1848 anni,
642 1811 693 1841 cum
711 1804 758 1842 tot-

87 1861 148 1915 idem
166 1859 258 1906 navibus
273 1858 354 1904 tuenda
368 1859 418 1904 data
429 1865 476 1904 est:
495 1857 616 1915 triavmillia
626 1860 721 1908 miluum
732 1861 757 1907 in

87 1939 139 1972 eam
151 1924 244 1970 classem
255 1938 284 1968 ex
294 1923 382 1968 decreto
394 1921 487 1969 Patrum
499 1921 601 1967 consules
612 1923 763 1984 scripserunt,-

86 1997 111 2036 et
122 1988 178 2034 duas
188 1987 289 2049 legiones
299 1988 392 2033 urbanas
403 1987 431 2032 ad
441 1987 526 2032 incerta
535 1985 594 2032 belli.
629 1985 763 2049 Hispaniaes

86 2069 142 2100 cum
155 2053 287 2098 exercitibus
297 2051 439 2112 imperioque,
456 2051 568 2096 veteribus
582 2051 757 2111 imperatoribus,

86 2117 118 2164 L.
134 2115 233 2162 Lentulo
244 2115 303 2162 etL
311 2115 403 2175 Manlio
412 2115 515 2168 Acidino,
528 2114 630 2160 decretae.
665 2115 766 2178 Viginti·

86 2181 183 2230 omnino
193 2181 325 2242 legionibus,
342 2187 365 2225 et
376 2187 465 2226 eentum
477 2179 594 2240 sexaginta
603 2179 695 2225 navibus
706 2177 767 2227 lonss·

85 2247 132 2310 gis,
151 2260 187 2291 res
195 2243 299 2290 Romana
314 2259 341 2290 eo
357 2257 416 2298 anno
432 2251 503 2304 gesta.
538 2242 651 2289 Praetores
666 2243 689 2288 in
704 2261 765 2306 prox

63 2304 65 2307 ’
86 2309 175 2358 vincias
188 2309 291 2370 irejussi.
327 2305 462 2355 Consulibus
473 2308 611 2369 imperatum,
629 2308 757 2373 priusquam

86 2377 115 2422 ab
128 2374 193 2421 Urbe
202 2371 399 2434 proficiscerentur,
409 2372 474 2417 ludos
481 2386 576 2432 magnos
585 2371 690 2425 facerent,
700 2380 764 2433 quos*

87 2439 118 2486 T.
134 2437 237 2484 Manlius
255 2435 383 2496 Torquatus
400 2436 495 2481 dictator
512 2436 535 2479 in
554 2436 757 2498 quintumpannum

86 2501 196 2555 vovisset,
212 2501 230 2546 si
240 2501 318 2547 eodem
330 2506 389 2545 statu
400 2499 523 2560 respublica
532 2505 607 2544 staret.
642 2499 676 2546 Et
687 2506 769 2550 novas'

86 2566 209 2628 religiones
220 2565 345 2611 excitabant
355 2563 379 2607 in
389 2562 468 2609 animis
478 2562 592 2613 hominum
602 2563 710 2624 prodigia,
728 2569 767 2615 esf

82 2631 188 2696 pluribus
207 2629 262 2676 loeis
281 2627 389 2676 annuato.
423 2626 512 2675 Aurum
528 2625 552 2670 iu
568 2622 679 2690 Capitolio
695 2631 757 2678 corvi

108 2708 175 2743 ,νοω
189 2707 227 2744 111.
498 2693 534 2736 21
733 2698 737 2708 ’
