1850 2917
196 139 237 186 “Τ.
251 137 412 189 ΙΛΙἯΙῚΜ
424 136 603 190 ismeone.
618 145 657 189 26·
720 146 768 190 ³48

94 267 226 319 mortalium
242 269 319 316 cut-in
336 267 401 317 Iulii
417 277 456 318 out
470 270 494 316 in
508 268 584 318 siout
598 268 692 333 relinqui
700 271 769 319 'virle-

97 341 178 380 retur„
202 333 291 380 Milites
307 342 332 381 ut
347 336 371 380 iu
387 350 456 388 noces
472 335 549 382 ordine
564 350 590 380 oc
606 335 655 382 sine
670 337 768 383 tumultu

96 398 286 452 conscenderent·
297 399 344 460 ipse
358 415 407 446 esm
418 400 459 446 sibi
470 415 545 446 curum
556 400 648 446 sumsit:
668 401 768 447 mutiens

84 461 127 512 ’,0.
135 461 234 516 Laelius,
247 463 284 523 qui
295 463 370 510 clnssis
380 463 500 525 praefectus
507 471 561 517 erat,
574 465 597 509 in
605 463 704 518 novibus,
717 471 769 511 onte

94 528 250 580 ,conscendere
266 535 362 583 coactos,
382 529 498 575 continuit.
534 527 681 577 Commentis
696 529 769 590 impo-

97 591 168 638 nendi
183 591 220 638 M.
235 591 360 654 Pomponio
375 595 466 655 praetorl
480 609 533 640 cum
547 594 611 640 datas
633 593 730 653 quinque
745 601 771 640 et

91 655 246 717 ,quadraginta
253 658 338 704 diemm
347 659 433 712 cibario,
442 675 456 704 e
464 659 542 719 quibus
550 658 675 719 quindecim
682 657 769 704 dierum

97 727 171 773 cocto,
191 721 301 782 imposita.
338 722 373 770 Ut
392 739 470 770 omncs
484 725 533 786 jorn
549 725 573 768 in
589 723 681 769 navibus
697 729 768 776 erant,

95 786 193 846 scaphas
207 786 357 840 circummisit,
375 796 400 834 ut
410 803 445 834 *ex
459 789 551 834 novibus
567 789 770 850 gubernatoresque

97 857 122 897 et
133 851 235 912 magistri
246 853 335 898 narium
347 859 369 898 et
379 853 424 898 bini
439 853 520 899 milites
534 853 557 898 in
571 851 645 898 somm
660 851 767 899 conveni-

92 922 153 961 rent
162 915 189 961 ud
200 916 291 977 irnperio
301 917 432 978 accipiendo.
468 917 591 977 Postquam
606 923 767 973 convenerunt,

97 980 198 1041 primurn
209 981 272 1027 abiis
280 981 389 1041 quaesivit,
403 983 421 1028 si
430 997 508 1042 squurn
517 982 642 1027 hominibus
647 982 769 1043 jumentis-

93 1059 143 1104 que
159 1044 182 1089 in
196 1045 289 1092 totidem
304 1045 357 1099 dies,
374 1054 428 1106 quot
439 1046 583 1100 frumentum,
601 1047 765 1107 imposuissent.

91 1107 150 1156 ‚Ubi
162 1109 327 1170 responderunt,
344 1126 423 1171 aqrmm
438 1111 522 1158 diemrn
532 1110 631 1170 quinque
641 1117 664 1156 et
674 1110 769 1170 quadra·

93 1173 166 1234 ¹ginta
175 1173 198 1218 in
209 1175 302 1220 navibus
312 1190 361 1221 esse
367 1192 375 1232 ;
392 1183 440 1222 turn
451 1176 520 1222 edixit
534 1175 650 1228 militibus·
661 1182 687 1220 ut
701 1173 769 1220 silsn·
831 1164 841 1183 ‘

99 1239 159 1284 tium
174 1238 241 1298 quieti
255 1239 328 1286 nautis
343 1241 391 1286 sine
403 1241 523 1288 certamine
533 1240 561 1285 ml
571 1239 693 1286 ministeriu
703 1253 769 1285 exse·

99 1302 189 1364 quenda
198 1303 255 1349 bene
265 1304 390 1350 obedientes
400 1311 544 1366 praestorent:
564 1319 615 1350 cum
628 1304 708 1365 viginti
719 1319 769 1352 ros·

98 1367 164 1414 tratis
181 1363 207 1414 se'
219 1383 245 1414 oc
260 1367 288 1413 L.
303 1369 429 1430 Scipionem
443 1369 472 1415 ob
486 1369 565 1415 dextro
581 1383 657 1421 cornu,
674 1369 766 1421 lterum,
794 1383 797 1390 ·

97 1432 194 1482 totidem
213 1439 327 1486 rostratas,
346 1441 369 1479 et
387 1431 415 1480 C.
430 1432 526 1480 Laelium
542 1432 672 1494 praefectunr
691 1432 768 1482 clossis

97 1511 153 1544 curn
164 1496 201 1542 Μ.
213 1495 293 1543 Porcio
306 1495 516 1560 Catone-(quaestor
526 1498 546 1543 is
556 1505 604 1543 tum
615 1494 673 1555 erat)
689 1511 768 1542 onero·

89 1563 136 1608 ,riis
155 1559 255 1606 futurum
273 1563 383 1624 praesidio.
401 1567 403 1572 ’
418 1561 517 1608 Lumina
531 1563 555 1608 in
570 1561 669 1608 novibus
679 1560 769 1622 singulo

92 1633 210 1681 rostratae,
226 1627 281 1672 bina·
293 1628 399 1677 onerarias
415 1627 532 1674 haberent:
554 1627 578 1672 in
592 1623 696 1688 praetorii
710 1639 768 1672 nove

95 1691 189 1752 insigne
205 1698 337 1737 nocturnum
355 1693 421 1738 trium
440 1690 623 1738 luminum-fore.
658 1689 768 1752 Emporia

22 1811 25 1816 ¹
95 1764 124 1804 ut
131 1763 240 1818 peterent,
252 1757 434 1817 gubernatoribus
442 1757 517 1803 edixit.
537 1755 696 1803 Fertilissimus
703 1770 765 1818 ager,

95 1836 170 1882 eoque
186 1819 298 1870 abundans
315 1821 414 1868 omniurn
431 1819 494 1883 copiti
509 1836 588 1867 rerum>
600 1827 635 1866 est
653 1821 723 1881 regio,
744 1825 768 1866 et

7 1923 8 1928 ,
96 1885 199 1933 imbelles
214 1886 285 1948 (quod
298 1887 428 1948 plerumque
441 1887 466 1935 in
479 1886 540 1932 uberi
551 1900 606 1947 ngro
616 1882 702 1943 evenit)
716 1885 768 1929 bor-

93 1951 144 2000 bori
158 1957 223 1996 sunt:
245 1951 355 2012 priusque,¹
372 1966 437 2011 quum
453 1949 591 2011 Carthagine
604 1948 765 2000 subveniretur,

95 2015 193 2078 opprimi
204 2015 333 2062 videbantur
343 2031 416 2078 posse.
451 2014 484 2061 Iis
496 2015 561 2062 editis
574 2014 679 2074 imperiis,
695 2012 767 2059 redire

91 2081 206 2128 sdnsves
213 2080 270 2142 jussi
277 2097 284 2136 ;
291 2103 294 2108 ·
301 2087 324 2126 et
333 2088 423 2142 postero
434 2080 477 2134 die,
493 2079 552 2126 Deis
561 2079 619 2125 bene
627 2078 765 2140 juvantibus,

94 2147 165 2208 signo
176 2145 227 2191 dato
239 2145 325 2192 misere
335 2160 411 2192 nsves.

122 2208 229 2256 ¹XXVI.
251 2209 335 2255 Multae
351 2211 431 2256 classes
447 2209 560 2256 Romonae
575 2225 589 2256 e
606 2204 767 2266 Simulatque

94 2276 145 2338 ipso
156 2274 195 2320 illo
206 2281 273 2335 portu
282 2274 389 2336 proiectas
399 2281 470 2320 mant.
495 2272 766 2322 Caeterumnoneobello
824 2268 827 2271 ’

95 2341 178 2392 solim,
197 2339 250 2401 (nec
263 2338 287 2384 id
300 2339 388 2391 mirum,
403 2337 526 2400 praedotum
541 2339 600 2384 enirn
610 2335 766 2383 tantummodo

92 2405 209 2467 pleraeque
225 2403 306 2449 classes
322 2400 403 2461 ierunt)
422 2403 460 2448 sed
476 2416 506 2447 ne
521 2403 594 2462 priore
609 2401 704 2461 quidem,
723 2398 768 2445 ullo

92 2467 205 2532 profectio
219 2469 275 2514 tnnti
288 2467 406 2527 spectaculi
416 2466 473 2512 fuit:
491 2481 633 2525 quamquam,
649 2464 668 2510 si
678 2463 767 2523 magni-

91 2533 175 2586 tudine
185 2531 262 2578 clsssis
273 2531 426 2581 aestimaretur,
442 2535 466 2576 et
479 2529 525 2574 bini
534 2529 637 2575 consules
647 2542 699 2573 cum
708 2526 767 2574 binis

94 2595 232 2644 exercitibus
240 2602 292 2642 ante
299 2595 442 2656 tmjeceront3
456 2599 555 2653 etprope
562 2592 655 2639 totidem
665 2596 768 2636 rostrotae

85 2659 304 2732 ,iupillisclussibus
318 2657 423 2712 firetsnts.
434 2663 494 2719 quot
504 2656 618 2706 onerariis
626 2655 702 2716 Scipio
717 2659 766 2706 tum

814 2739 919 2872 ᾗ
