1850 2917
164 145 211 188 sle
278 139 308 188 Τ.
322 139 411 188 LIVII
427 139 480 188 Lm
495 139 594 188 xxlx.
614 138 674 190 Cat.
687 145 712 188 8.

163 267 214 316 belli
223 267 347 324 Indibilem,
357 277 495 332 caeterosque
501 271 620 333 principes,
630 284 726 330 quomm
733 268 834 331 plerique

162 334 186 380 in
193 335 240 381 acie
248 335 386 389 occidissent,
395 335 567 389 conferentibus,
575 335 754 395 tradentibusque
762 349 832 387 arma,

163 405 186 444 et
197 399 326 447 dedentibus
339 415 395 452 sese,
413 415 544 461 responsum
558 406 606 446 eet:
627 406 643 428 “
652 398 681 445 In
696 399 832 445 deditionen

65 503 67 513 ,
162 463 195 510 ita
208 461 278 527 accipi
295 479 341 518 eos,
359 465 377 510 si
394 464 543 510 Mandonium
558 471 695 524 caeterosque
711 463 763 510 belli
777 477 832 509 con·
847 477 852 487 ·

163 528 244 575 citores
255 529 395 575 tradidissent
405 529 483 575 vivos:
503 529 537 574 sin
551 530 633 581 minus,
650 529 761 574 exercitus
773 543 798 573 se
807 527 832 574 in

163 607 244 654 agrum
256 591 379 655 Ilergetum
391 594 608 654 Ausetanorumque,
625 599 648 638 et
658 593 763 654 deinceps
777 593 833 638 alio-

164 673 213 704 rum
229 658 361 720 populorum
376 656 509 704 ducturos.”
543 657 603 704 Hoec
618 657 678 704 dicta
691 657 780 718 legatis,
798 672 834 703 re-

164 723 309 784 nuntiataque
319 723 342 772 in
352 722 478 774 concilium.
515 720 549 768 lbi
563 721 702 768 Mandonius
712 721 834 782 caeterique

164 787 274 848 principes
285 787 437 848 comprehensi
448 793 472 832 et
482 786 556 832 traditi
565 786 592 833 ad
600 787 738 848 supplicium.
775 785 835 832 His-

163 851 236 912 peniae
250 852 337 913 populis
349 851 432 898 reddita
442 866 500 912 pax:
520 851 652 912 stipendium
663 852 711 913 ejus
723 851 777 896 anni
790 849 835 897 du-

122 931 124 938 ’
164 916 216 976 plex
227 915 396 963 estrumentum
408 931 448 962 sex
458 916 568 962 mensium
582 916 722 977 imperatum,
735 929 835 976 sagaque

164 985 188 1026 ct
198 986 259 1040 togae
270 981 383 1033 exercitui,
396 987 419 1026 et
429 981 516 1026 obsides
526 981 554 1025 ab
563 980 655 1042 triginta
664 979 735 1025 ferme
744 979 835 1040 populis

165 1045 257 1106 accepti.
300 1044 336 1093 Ita
362 1045 480 1106 Hispaniae
501 1045 625 1091 rebellantia
645 1044 761 1095 tumultu„
775 1044 837 1090 haud

165 1123 249 1170 magno
258 1117 328 1164 motu,
345 1110 404 1156 intra
413 1125 496 1171 paucos
506 1109 553 1155 dies
564 1109 652 1156 concito
662 1116 685 1154 et
696 1108 835 1169 compresso,

166 1175 189 1219 in
198 1172 298 1220 Africam
307 1175 379 1220 omnis
390 1181 461 1220 terror
472 1189 556 1220 versus.
593 1172 620 1222 C·
632 1173 718 1219 Laelius
728 1179 797 1219 nocte
806 1173 836 1219 ad

167 1237 297 1299 Hipponem
317 1238 416 1300 Regium
434 1254 485 1285 cum
503 1238 638 1291 accessisset,
655 1238 705 1283 luce
718 1235 792 1298 primi
807 1236 837 1283 sd

165 1302 315 1363 populandum
330 1318 409 1364 agrum
424 1305 465 1348 sub
480 1303 550 1364 signis
566 1303 646 1349 milites
661 1303 779 1361 sociaeque
795 1316 836 1348 na·

165 1366 227 1412 veles
238 1367 307 1413 duxit
328 1367 437 1414 Omnibus
447 1368 507 1429 pacis
515 1367 582 1418 modo
590 1367 701 1413 incuriose
707 1366 835 1427 agentibus,
918 1394 919 1429 1

166 1446 249 1492 magna
263 1432 335 1479 clades
352 1432 424 1479 illata:
444 1432 560 1493 nuntiique
576 1431 654 1492 trepidi
673 1429 836 1492 Carthaginem

165 1503 250 1542 terrore
264 1497 349 1558 ingenti
365 1494 511 1558 complevere,
529 1497 622 1543 classem
638 1495 767 1542 Romam
786 1495 837 1542 Sci-

166 1561 300 1622 pioncmque
316 1563 470 1623 imperatorem
485 1563 520 1624 (et
533 1561 593 1607 fama
608 1561 680 1609 fuerat
689 1561 738 1622 jam
756 1560 781 1605 in
800 1560 837 1606 Si.
917 1558 918 1597 l

167 1625 239 1672 cilium
258 1624 433 1688 transgressum)
453 1626 575 1672 advenisse.
619 1624 669 1670 Nec
688 1631 745 1684 quot
766 1639 838 1673 naves

166 1689 281 1742 tidissent,
300 1705 341 1738 neo
351 1698 434 1750 quanta
448 1705 528 1737 manus
537 1705 605 1752 agros
615 1689 764 1751 popsslffleffl‘
783 1689 839 1736 Μή*

167 1754 239 1814 gnari,
257 1753 332 1802 omnia
348 1756 371 1800 in
389 1756 468 1816 majus,
485 1762 547 1803 metu
563 1761 666 1816 augente,
683 1753 834 1814 accipiebant:

167 1819 242 1879 itaque
255 1820 327 1880 primo
343 1827 414 1866 terror
427 1835 547 1881 pavorque,
565 1819 616 1866 dein
630 1818 738 1864 moestitia
749 1818 839 1864 animoa
915 1842 916 1845 =

167 1883 270 1930 incessit:
292 1892 307 1914 ‘⁴
319 1891 405 1932 tantum
420 1883 533 1930 fortunam
544 1881 649 1935 metisse,
667 1889 699 1934 ut,
716 1883 756 1942 qui
767 1882 838 1929 modo

162 1948 208 2009 ipsi
224 1951 413 1996 exercitum-ante
428 1949 511 1994 moenia
525 1947 629 1994 Romana
646 1942 775 1993 habuissent
789 1948 840 1994 vic-

166 2020 233 2065 tores,
247 2015 365 2073 stratisque
375 2020 409 2060 tot
417 2013 514 2059 hostium
523 2011 661 2065 exercitibus,
673 2025 753 2057 omnes
763 2009 841 2058 Italiae

166 2078 261 2138 populos
276 2085 314 2124 aut
328 2078 350 2124 vi
365 2085 403 2124 aut
418 2077 532 2123 voluntate
548 2077 572 2121 in
588 2075 721 2125 deditionem
737 2076 841 2137 accepis·

168 2147 232 2196 sent;
250 2142 271 2194 ii,
289 2158 355 2188 verso
374 2141 457 2194 Marte,
476 2139 561 2187 Africoe
579 2140 733 2202 populationes
751 2148 776 2186 et
797 2141 840 2186 cb-

168 2204 276 2255 sidionem
295 2204 437 2266 Carthaginis
454 2205 524 2252 visuri
537 2204 619 2257 forent,
636 2202 776 2264 nequiquam
833 2205 839 2216 '

167 2268 196 2314 ad
214 2269 316 2329 patienda
335 2283 361 2314 ea
380 2270 465 2322 robore,
488 2284 514 2316 ac
533 2267 631 2316 Romani
648 2268 750 2315 fuissent
820 2270 825 2280 '

167 2331 295 2378 Romanam
321 2332 414 2391 plebem,
439 2335 482 2380 illis
504 2332 595 2380 Latium
611 2335 754 2394 juventutem
776 2348 839 2394 prae·

166 2395 254 2452 buisse;
278 2397 383 2456 majorem
403 2412 491 2458 semper
507 2397 724 2458 frequentioremque
742 2413 786 2458 pro
804 2404 841 2443 tot

169 2459 233 2505 caesis
248 2460 380 2506 exercitibus
394 2462 578 2508 subolescentem.
614 2461 682 2508 Suam
696 2461 783 2522 plebem
793 2461 840 2506 im·

166 2521 245 2566 bellem
256 2521 280 2565 in
291 2523 351 2576 urbe,
369 2525 480 2572 imbellem
494 2527 518 2572 in
532 2527 593 2587 agris
604 2539 664 2572 ease:
684 2525 788 2571 mercede
797 2540 840 2585 pa-

167 2583 209 2633 reri
227 2585 307 2632 auxilia
324 2601 353 2633 ex
370 2589 440 2643 Afris,
458 2598 528 2651 gente
543 2591 571 2636 ad
588 2605 677 2636 omnem
694 2604 771 2635 auram
789 2589 839 2650 spei

167 2648 244 2698 mobili
255 2656 320 2710 atque
331 2651 404 2700 infidi.
439 2653 492 2706 Jam
502 2670 577 2719 reges,
592 2655 716 2717 Sypbnoem
727 2653 841 2716 postmi-

914 1980 916 2063 l

913 2134 915 2221 l

912 2260 914 2377 l

911 2404 913 2533 l
