1850 2917
212 127 344 202 T.·L1vr1
359 127 660 182 Lm.xxrx.'crr.·enr.
723 141 772 188 sei

98 265 139 306 out
149 259 228 322 pudor,
240 261 301 321 quod
310 260 386 324 legnto
395 263 538 323 pepercisset,
552 264 678 313 insimulnii-
684 268 755 327 possit
760 268 777 322 i,

100 325 148 371 Sibi
163 325 257 386 placere,
279 325 315 374 M.
329 326 480 388 Pomponium
496 336 623 390 praetoreni,
634 332 680 378 ·cui
696 332 771 383 Sicilin

96 390 215 451 provincia
230 398 290 437 sorte
303 393 421 446 evenisset,
438 393 512 440 triduo
525 394 629 455 proximo
642 395 666 442 in
681 397 772 457 provin-

96 454 505 583 iiiiiiititissginiffi
519 459 616 571 limi
630 461 772 581 ruffi

189 552 195 573 ,
451 539 477 570 os
485 539 536 570 cum
616 540 641 572 re
648 540 679 572 mr

97 592 123 631 et
137 585 193 632 duos
208 586 308 632 tribunos
323 587 400 648 plebei,
417 539 599 648 atqueaedilidll·
613 605 665 636 cum
676 607 704 637 eo
714 601 771 642 oon-

96 649 148 695 silio
167 657 286 711 praetorern
306 666 465 713 cognosceres
482 654 501 700 si
519 669 553 708 en,
573 669 624 715 quse
643 653 770 707 Loerm

92 713 157 761 facte
175 723 325 775 quererentur,
339 718 405 778 jussu
424 724 463 764 unt
480 719 596 767 voluntate
613 717 648 765 l'.¹
659 720 769 783 Scipionis
818 742 821 746 ⁴

93 779 156 826 facts
166 787 251 833 essent·
265 789 290 827 ut
304 797 355 828 eum
370 782 398 828 de
411 781 526 842 provincii
539 784 645 833 decedere
653 785 766 847 juberent.

95 843 163 892 SiP.
176 845 250 906 Scipio
256 848 304 908 Jam
315 847 338 892 in
349 846 451 893 Africam
461 849 594 911 tmjecisset.
607 849 688 896 tribuni
698 851 768 912 plebis
788 886 792 892 .

94 918 164 970 etque
175 910 245 957 aedilis
253 926 304 958 cum
315 911 401 958 dnobus
411 912 498 974 legetis,
510 929 567 973 quos
577 915 675 962 mnxime
684 921 768 976 pmtor

93 975 190 1021 idoneos
205 977 335 1029 censuisset,
351 976 376 1022 in
387 976 489 1024 Africum
504 977 710 1039 proficiscerentur3
726 981 768 1026 tri-

93 1041 149 1087 buni
170 1048 236 1101 atque
254 1040 331 1094 sedilis,
352 1042 389 1102 qui
407 1041 537 1090 reducerent
551 1044 604 1092 inde
622 1044 766 1106 Scipionem

92 1105 172 1166 legati,
185 1105 222 1166 qui
230 1107 337 1152 exercitui
345 1115 474 1166 praeessent,
486 1107 557 1154 donec
564 1123 638 1154 novus
646 1109 766 1171 impemtor

92 1169 129 1218 nd
137 1185 190 1216 eum
205 1171 327 1218 exercitum
342 1172 447 1218 venisset.
484 1173 524 1219 Sin
538 1172 574 1220 M.
589 1172 727 1236 Pomponius
737 1180 766 1222 et

92 1236 173 1281 decem
184 1236 252 1298 legati
263 1236 430 1297 comperissent,
447 1251 520 1297 neque
525 1239 592 1299 jussu
602 1253 674 1299 neque
684 1239 765 1286 volun·
785 1281 788 1284 .

90 1307 139 1350 tnte
151 1298 179 1346 P.
192 1300 301 1362 Scipionis
311 1316 338 1348 en
347 1300 406 1348 inme
416 1315 472 1354 esse,
478 1309 510 1347 aut
520 1303 548 1348 nd
558 1303 679 1350 exercitum
689 1303 764 1366 Scipio

90 1371 199 1418 moneret,
212 1365 348 1425 bellumque,
356 1371 381 1411 ut
391 1367 550 1426 proposuisset,
561 1367 677 1428 gereret.”
708 1367 764 1416 Hoc

88 1429 151 1476 iacto
163 1431 373 1483 senatus-consulto,
388 1445 439 1476 curn
451 1431 544 1478 tribunis
554 1431 623 1493 plebis
633 1439 708 1478 netum
719 1440 762 1485 est,
802 1473 805 1478 .

88 1503 116 1541 ut
127 1502 282 1556 compararem
291 1495 395 1548 intense,
412 1502 451 1540 aut
466 1504 526 1542 sorte
539 1495 648 1557 legerent,
664 1497 705 1556 qui
717 1496 762 1542 duo

88 1575 142 1606 curn
157 1567 259 1621 praetoro
266 1575 291 1605 oc
302 1559 382 1621 legetis
392 1559 468 1604 irent..
493 1560 532 1607 Ad
542 1559 661 1621 collegium
672 1560 762 1621 pontili-

87 1640 141 1672 cum
151 1625 245 1671 relatum
256 1625 284 1670 de
294 1623 414 1686 expiandis,
427 1622 570 1684 quaesslsocris
578 1625 602 1670 in
611 1625 694 1687 templo
704 1624 762 1671 Pro-

88 1691 186 1751 serpinae
196 1696 263 1743 tacto,
275 1690 363 1743 violato,
379 1689 480 1749 elatoque
489 1690 542 1736 inde
551 1697 633 1736 essent.
667 1689 762 1736 Tribuni

87 1755 158 1818 plebis
167 1769 219 1801 cum
229 1762 326 1816 praetore
336 1761 359 1800 et
369 1755 445 1800 decem
455 1754 536 1816 legatis
543 1755 636 1816 profecti
645 1754 681 1801 Μ.
692 1753 762 1804 cuu-

89 1821 139 1867 dius
154 1819 278 1866 Marcellus
293 1827 316 1866 et
331 1818 367 1866 Μ.
379 1817 473 1867 Cincius
487 1819 628 1866 Alimentus:
647 1821 675 1865 iis
690 1820 761 1866 sedilis
781 1851 784 1855 -

87 1885 159 1948 plebis
171 1884 243 1936 datus,
259 1899 332 1944 quem,
350 1885 368 1930 si
379 1884 452 1932 autin
465 1884 540 1930 Siciliri
549 1884 640 1946 praetori
650 1884 710 1930 dicto
720 1899 761 1930 nu-

88 1952 152 1998 diens
161 1964 207 1995 non
216 1956 275 1996 esset
287 1949 369 2010 Scipio,
381 1955 420 1994 eut
426 1950 475 2010 jorn
485 1949 509 1993 in
519 1948 620 1994 Africum
628 1947 759 2010 trnjsecisset,

86 2015 197 2078 prendere
207 2014 289 2062 tribuni
295 2015 407 2076 juberent,
416 2029 450 2060 ,nc
461 2014 514 2074 jure
528 2020 675 2060 sacrosancte
683 2020 762 2072 potes-

86 2081 141 2128 tstis
152 2079 290 2126 reducerent.
318 2077 384 2126 Prius
390 2076 484 2125 Locros
493 2078 533 2131 ire,
545 2092 611 2137 quem
619 2077 760 2131 Messsnem,

86 2146 207 2196 eonsilium
218 2152 272 2191 eret.
286 2163 289 2173 ·

120 2208 195 2257 XXI.
216 2207 331 2258 Caetenrm
342 2209 425 2270 duplex
434 2207 495 2256 lemn
504 2215 547 2261 est,
562 2207 622 2268 quod
635 2207 664 2254 nd
674 2205 760 2254 Plemi-
779 2240 783 2249 .
850 2240 856 2253 ,

86 2278 149 2326 nium
161 2275 248 2321 attinet.
269 2274 338 2328 .Alii,
354 2274 441 2327 auditis,
457 2289 508 2334 quae
522 2273 606 2320 Romae
617 2279 666 2319 neto
675 2278 758 2325 essent,

84 2339 229 2390 inexsilium
245 2338 364 2401 Neapolim
378 2345 470 2385 euntem
482 2337 541 2384 forte
551 2338 574 2384 in
587 2337 619 2391 Q,
629 2336 760 2389 Metellum,

85 2421 157 2454 unum
169 2419 199 2454 ex
210 2405 296 2466 legetis,
312 2403 422 2456 insidiose,
438 2410 461 2449 et
476 2402 504 2448 nb
518 2418 545 2449 eo
554 2402 676 2464 Rhegium
691 2401 714 2446 vi
724 2415 761 2445 re-

85 2479 184 2519 trnctum
196 2469 299 2516 trudunt:
308 2469 406 2522 .a1ii,.ab
419 2468 469 2528 ipso
484 2466 588 2526 Scipione
597 2468 697 2528 legatum
708 2479 760 2510 cunr

85 2538 181 2599 triginta
191 2533 333 2584 nobilissimis
346 2533 447 2593 equiturn
455 2531 618 2591 .missnm‚‚›qoi
633 2529 665 2584 Q.
676 2528 761 2580 Plemi-

86 2604 149 2653 ninm
161 2600 185 2646 in
197 2606 293 2656 catenes,
309 2605 333 2650 et
347 2608 399 2646 etun
409 2611 437 2646 eo
447 2595 564 2649 seditionis
572 2595 690 2666 principes,
706 2607 761 2657 con-

115 2680 171 2714 von.
182 2679 221 2714 ur.
490 2663 533 2707 20
