1850 2917
190 122 220 179 Τ.
234 130 323 181 nvn
338 128 391 179 Lu.
404 128 517 180 xxvn.
536 132 595 184 en.
609 140 650 185 ss.
708 128 756 187 aas

88 262 169 327 giam
183 260 269 323 scripti.
303 261 385 323 Magni
402 263 488 309 roboris
503 264 586 311 auxilia
600 278 628 311 ex
645 263 756 328 Hispanid

90 342 176 390 meque
185 342 201 373 a
211 324 240 371 P.
255 326 358 387 Scipione
369 326 405 373 M.
420 326 487 373 Livio
502 330 569 375 missa
583 329 671 389 quidam
689 331 716 377 sd
732 331 756 377 id

87 393 169 441 bellum
180 398 285 438 auctores
299 399 364 437 sunt:
384 399 436 438 octo
450 393 518 439 millis
534 392 687 455 Hispanorum
699 394 756 441 Gal-

83 459 210 517 lornmque,
229 464 253 501 et
266 456 311 501 duo
321 456 390 502 millia
404 457 432 503 de
441 457 530 518 legione
541 458 642 511 rnilitum,
655 459 753 519 equitum

84 522 153 575 mile,
165 522 252 566 mixtos
261 519 373 566 Numidas
384 520 556 583 Hispanosque:
576 521 612 568 M.
625 519 755 568 Lucretium

84 586 208 647 hacopiaa
219 585 313 631 navibus
323 585 455 642 addimisse3
472 594 495 632 et
506 587 669 648 sagittariorum
680 584 755 632 iuridi-

81 659 205 711 tormnque
221 650 251 696 sd
266 656 362 709 quatuor
374 650 442 696 millia
453 664 485 696 ex
500 649 574 697 Sicilid
586 648 614 698 C.
625 650 754 697 Mamilium

114 776 246 827 XXXIX.
264 777 386 825 Auxerunt
399 778 482 825 Romae
499 780 619 825 tumultum
636 780 707 826 literae
724 794 753 826 ex

79 842 159 895 uma
173 842 543 905 uhtaeabLPorciopraetore:
563 842 752 891 “Hammonem
842 832 848 843 '

80 910 183 957 movisse
199 922 232 954 ex
249 908 353 960 hibernis,
377 915 400 953 et
413 910 462 970 jam
481 907 552 968 Alpes
570 909 676 954 transire:
700 916 752 956 octo

81 975 149 1022 millia
160 972 284 1034 Ligurum,
296 972 421 1032 conscripta
430 981 564 1032 armataque,
574 974 718 1035 conjunctura
729 988 753 1021 se

81 1036 257 1100 aamgressoin
265 1034 352 1081 Italiam
363 1051 419 1088 esse,
429 1036 472 1081 nisi
482 1036 606 1083 mitteretur
613 1038 635 1083 in
645 1036 749 1100 Ligures,

80 1105 116 1167 qui
133 1118 175 1150 eos
190 1101 252 1148 bello
269 1108 400 1161 occuparet:
420 1116 450 1154 se,
470 1116 521 1146 cum
532 1101 627 1149 invalido
642 1102 750 1157 exercitu,

80 1168 154 1231 quoad
171 1173 249 1213 tutum
268 1172 362 1226 putaret,
383 1163 580 1227 progressumnr.'’
613 1166 661 1211 Hae
679 1167 750 1214 literae

79 1232 190 1283 musuleo,
214 1230 295 1290 raptim
315 1227 417 1275 coniecto
435 1229 528 1282 delectu,
551 1230 664 1283 maturius,
682 1246 749 1290 quarn

79 1298 250 1346 constituerant,
260 1293 322 1339 exire
329 1294 353 1338 in
360 1294 484 1354 provincias
492 1294 620 1355 coigerunt,
631 1292 657 1341 ed
665 1303 747 1350 mente

78 1369 104 1409 ut
114 1371 213 1419 uterque
223 1360 311 1405 hostem
323 1358 347 1402 in
358 1355 399 1404 sud
408 1356 521 1419 provincii
529 1359 658 1412 contineret,
676 1374 749 1421 neque

77 1424 191 1489 aonjungi,
201 1430 243 1469 aut
251 1421 352 1468 conferre
361 1423 385 1468 in
395 1438 464 1468 unum
476 1424 534 1468 vires
545 1431 662 1483 pateretur.
690 1423 745 1471 Plu·

77 1493 159 1538 rimum
172 1490 198 1534 in
214 1502 264 1533 eam
275 1502 322 1533 rem
332 1487 416 1548 adjuvit
426 1488 501 1548 opinio
514 1486 661 1533 Hannibalis:
680 1490 745 1547 quod,

75 1557 116 1603 etsi
129 1552 158 1601 ed
169 1558 252 1600 aestate
261 1551 405 1597 transimrum
415 1552 438 1596 in
450 1550 537 1597 Italiam
547 1550 638 1597 fratrem
649 1551 747 1598 credide·

74 1629 114 1675 rat,
130 1615 275 1666 recordando
289 1630 340 1676 quae
354 1616 438 1676 ipsein
453 1616 547 1663 transitu
562 1630 622 1661 nunc
633 1614 745 1669 Rhodani,

74 1697 133 1732 aune
143 1682 249 1743 Alpium,
268 1696 319 1726 cum
333 1680 458 1726 hominibus
468 1680 566 1740 locisque
576 1680 696 1743 pugnando
707 1696 747 1742 per

74 1744 449 1869 mamillis
462 1744 629 1870 lunulae
649 1744 747 1856 llll

75 1879 121 1925 dius
131 1874 243 1923 movendi
253 1889 283 1919 ex
293 1873 389 1919 hrliernis
397 1888 462 1920 causa
471 1873 521 1919 fuit.
557 1872 671 1921 Caeterum
681 1872 744 1920 Has-

75 1942 160 1991 drubali
174 1949 199 1987 et
215 1937 256 1985 sui
270 1946 296 1984 et
308 1938 400 1983 aliorum
415 1953 456 1999 spe
469 1937 543 1983 omnia
558 1937 663 1983 celeriora
678 1944 744 1997 atque

74 2007 213 2070 expeditiora
225 2000 299 2049 inire.
331 2001 388 2047 Non
402 2001 461 2048 enim
476 2008 605 2063 receperunt
620 2000 686 2046 modo
698 2001 743 2047 Ar-

73 2073 135 2120 verni
150 2084 213 2122 eum,
232 2068 377 2128 deimepsque
393 2068 443 2113 aliae
459 2067 553 2113 Gallicae
569 2073 635 2125 atque
651 2065 742 2128 Alpinae

74 2144 168 2199 genten
186 2133 228 2179 sed
243 2133 310 2179 etiam
326 2138 409 2177 secutae
425 2138 478 2177 sunt
495 2131 522 2176 ad
537 2130 632 2176 bellum:
652 2137 674 2176 et
690 2146 741 2177 cum

74 2216 111 2262 per
123 2199 215 2246 munita
228 2197 332 2259 pleraque
342 2196 436 2241 transitu
446 2195 526 2248 fratris,
544 2210 595 2255 quae
608 2201 672 2242 antes
682 2195 742 2243 invia

74 2264 167 2317 fuerant,
186 2262 294 2318 ducebat3
311 2269 360 2306 tum
370 2260 444 2313 etiam,
462 2259 577 2306 duodecim
586 2274 694 2307 annorum
705 2275 741 2305 as-

6 2368 7 2375 ,
74 2329 190 2376 suetudine
199 2326 282 2388 perviis
293 2326 387 2386 Alpibus
396 2324 468 2376 factis,
480 2325 538 2369 inter
548 2325 636 2369 mitiora
641 2325 689 2384 jam
699 2323 742 2367 ho-

72 2394 157 2439 minurn
176 2391 286 2437 transibat
303 2389 399 2450 ingenia.
435 2387 546 2433 invisitati
565 2403 660 2447 namque
677 2394 742 2432 antes

74 2456 211 2519 almigenis,
228 2470 271 2501 nee
284 2454 360 2500 videre
373 2452 415 2512 ipsi
425 2452 533 2497 advenam
544 2453 567 2497 in
579 2450 618 2497 auri
632 2447 692 2495 terri
706 2464 741 2495 es-

76 2522 135 2574 sueti,
161 2519 225 2566 omni
243 2518 326 2579 generi
339 2518 437 2562 humano
455 2516 593 2561 insociabiles
614 2520 690 2560 mant:
718 2520 742 2557 et

74 2586 142 2647 illm
151 2582 234 2645 lgm»
246 2597 293 2643 (11¹0
303 2580 390 2627 Poenus
397 2586 507 2639 pergeret,
520 2594 571 2625 suas
582 2592 647 2637 rupes
659 2588 742 2632 susque

77 2649 166 2701 wiell&
185 2654 210 2694 et
223 2660 332 2710 pecorum
343 2643 503 2704 hominumque
517 2642 615 2704 praedam
630 2637 675 2699 peti
693 2650 743 2682 ere-
840 2654 847 2661 -

100 2727 151 2762 vol·
164 2725 203 2761 111·
493 2720 511 2751 ἶ
