1850 2917
160 151 208 197 ³22
274 141 304 194 Τ.
318 143 406 196 ΙιΝῙΙ
423 143 476 199 Iur-
490 143 589 195 xm.
607 142 668 195 on.
681 147 706 194 9.

159 276 232 325 rntnis
249 269 345 331 inturos,
368 291 434 338 qaram
453 278 495 323 sub
512 277 589 324 amisis
607 273 833 338 carnotum

158 341 270 390 fuerint
304 342 363 405 lpse,
389 342 421 395 Q.
443 341 553 388 Pleminio
573 343 656 402 legato,
679 341 832 402 praesidioque

159 407 220 469 quod
230 421 304 454 arcem
315 414 410 468 ceperat,
427 407 570 453 adtuendam
581 405 658 452 urbem
671 406 758 459 relicto,
776 421 830 452 oum

159 472 239 533 quibus
257 479 349 519 renerst
367 471 444 533 copiis,
461 471 592 518 Messanam
608 471 701 533 trajecit.
737 469 777 517 lte
794 484 834 516 su-

160 537 228 600 perbe
238 543 261 582 et
271 537 388 583 crudeliter
398 536 466 582 habiti
480 535 605 582 Locrenses
615 536 643 580 ab
654 533 832 596 carthaginien-

160 601 221 648 sibus
235 608 286 664 post
301 601 447 648 deiectionem
464 601 492 647 ab
505 600 615 646 Romanis
627 597 725 652 fuerant,
742 606 771 644 ut
782 613 832 644 rno-

161 665 221 712 tlicss
231 666 322 728 injurias
336 679 382 712 non
397 679 461 726 aequo
476 665 543 711 modo
554 665 628 710 animo
638 664 691 724 pati,
709 663 750 709 ml
761 678 833 725 prope

160 730 245 776 lubenti
259 737 363 792 possent:
383 743 461 775 verum
473 729 586 775 enimvem
599 735 687 773 tantum
703 727 833 774 Plerninius

161 793 315 842 Hunilcarern
330 793 425 855 presidii
439 792 577 854 praefectum,
594 799 681 838 tanturn
699 792 833 853 pmsiiisrii

161 859 243 906 milites
260 859 358 904 Romani
374 856 459 903 Poenos
477 857 561 903 sceiere
573 863 639 917 atque
654 855 749 902 evanui
763 872 835 919 sups-

161 930 274 975 rsverunt,
293 930 318 968 ut
331 936 376 967 non
387 921 460 975 annis,
479 921 517 968 sed
530 921 597 974 vitiis,
611 921 725 968 videretur
739 923 829 968 certari.
857 946 862 952 ·

161 985 227 1033 Nihil
245 986 352 1039 omnium,
376 999 427 1046 quae
445 986 505 1047 inopi
523 986 606 1032 invisas
625 999 679 1046 opes
696 987 834 1046 potentioris

161 1049 254 1104 faciunt,
271 1051 444 1112 praetermissnm
458 1051 482 1096 in
496 1050 616 1111 oppidanos
626 1057 661 1096 est
670 1050 698 1096 ab
708 1050 774 1104 duce,
793 1058 834 1097 sut

161 1115 304 1162 amilitibus:
323 1115 346 1160 in
363 1130 454 1176 corpora
469 1115 574 1177 ipsorum,
592 1115 615 1160 in
629 1114 717 1168 liberos,
735 1115 760 1159 in
776 1130 833 1161 oon-

158 1181 226 1244 juges
243 1179 340 1226 infanda
355 1179 496 1226 contumelias
510 1179 582 1225 enta,
617 1179 678 1226 Nam
693 1179 789 1226 avaritis
803 1195 833 1226 ne

162 1259 275 1291 sacrorum
284 1245 372 1303 quidem
380 1245 510 1305 spoliatione
519 1243 637 1291 abstinuit:
656 1258 697 1289 nse
708 1243 753 1289 alia
763 1245 832 1290 motio
917 1260 918 1265 ¹

162 1308 244 1368 templs
260 1308 348 1360 violata,
366 1309 405 1354 sed
421 1306 562 1369 Proserpinae
580 1309 654 1361 etiam,
670 1308 750 1354 intacti
769 1310 833 1355 omui

162 1377 236 1425 aetate,
248 1373 346 1418 thesauri
352 1389 359 1429 ς
371 1380 517 1434 praeterqustn
528 1373 609 1432 quoda
619 1371 715 1434 Pyrrho,
727 1372 768 1432 qui
779 1388 832 1419 oum

161 1451 245 1498 mugitu
255 1437 342 1498 piaculo
354 1437 461 1500 suonlegii
473 1437 507 1484 sui
517 1439 630 1484 manubias
641 1437 723 1491 retulit,
742 1438 833 1498 spoliati

161 1501 296 1549 dicebantur.
331 1501 402 1564 Ergo,
421 1502 479 1548 sient
492 1508 544 1548 ante
554 1503 623 1564 regiae
633 1516 709 1554 naves,
726 1503 833 1550 lacerate

161 1566 290 1628 naufragiis,
308 1566 363 1612 nihil
373 1567 396 1614 in
406 1573 488 1612 terram
496 1567 584 1628 integri,
601 1573 683 1628 praeter
693 1581 780 1613 sacram
792 1582 833 1628 pe*
916 1586 917 1589 ¹

161 1631 250 1678 cuniam
270 1630 336 1683 Dese,
361 1646 426 1691 quam
445 1631 592 1692 asportabant,
615 1631 756 1687 extulerant3
781 1637 831 1678 tum

161 1707 250 1755 qnoque
260 1695 302 1740 alio
313 1709 396 1756 genere
406 1695 474 1741 cladis
485 1696 561 1741 satiem
571 1696 609 1741 illa
618 1695 711 1756 pecunia
726 1696 831 1742 omnibus

161 1757 270 1804 contactis
284 1755 311 1804 ei
325 1759 444 1806 violatione
454 1760 530 1820 templi
543 1759 641 1806 furorem
656 1759 744 1821 obiecit,
763 1767 831 1821 atque
915 1770 916 1775 ’

160 1821 220 1869 inter
237 1837 261 1870 se
277 1823 355 1870 ducem
372 1824 395 1868 in
411 1823 497 1879 ducem,
515 1824 608 1870 militem
623 1824 647 1869 in
660 1823 754 1870 militem
771 1825 831 1871 rabie

161 1887 236 1934 hostili
246 1888 320 1934 vertit.

193 1950 241 1998 IX.
261 1953 360 1999 Summae
371 1951 402 1999 rei
411 1951 534 1999 Pleminius
544 1959 650 2014 praeerat:
670 1953 766 1998 mssitusn
777 1969 830 2016 psrs
914 2006 915 2017 χ

161 2017 203 2063 snb
221 2032 256 2069 eo,
274 2033 340 2078 quam
356 2017 404 2078 ipae
419 2019 446 2063 ab
461 2017 553 2078 Rbegio
571 2018 697 2071 abduxerat,
715 2033 768 2078 pars
788 2020 830 2065 sub

161 2079 256 2126 tribunis
273 2090 325 2128 erat.
361 2081 436 2142 Rapio
453 2082 534 2143 poculo
552 2089 658 2142 argenteo
677 2096 707 2127 ex
725 2083 829 2144 oppidani

161 2141 236 2196 domo,
254 2143 358 2192 Pleminii
378 2147 440 2192 miles
458 2145 554 2207 fugiens,
573 2147 714 2207 sequentibus
733 2162 829 2207 quorum

160 2215 216 2261 erat,
233 2209 312 2255 obvius
321 2208 379 2254 forte
391 2210 471 2271 Sergio
482 2217 505 2256 et
516 2210 618 2257 Matieno
627 2211 722 2257 tribunis
732 2213 830 2259 militum

159 2271 216 2318 iitit:
236 2273 271 2317 cui
287 2287 337 2317 curn
352 2273 418 2333 jussu
433 2276 572 2320 tribunorum
591 2275 703 2322 ademtum
721 2278 828 2338 poculum
913 2282 914 2285 ’

159 2343 226 2388 esset,
239 2337 341 2396 jurgium
351 2335 403 2383 inde
417 2345 440 2384 et
454 2340 545 2393 clamor,
562 2355 637 2402 pugna
650 2348 766 2401 postremo
781 2350 830 2389 orta

159 2399 218 2445 inter
230 2398 337 2444 Pleminii
348 2400 436 2456 milites,
453 2405 650 2464 tribunorumque3
667 2411 692 2450 ut
707 2407 754 2452 suis
768 2408 829 2468 quis-

159 2477 203 2521 que
219 2469 356 2522 opportunus
370 2464 496 2520 advenerat,
514 2470 654 2516 multitudine
670 2469 737 2517 simrsl
752 2487 779 2518 ac
792 2479 830 2518 tu-
912 2472 913 2485 ¹

158 2525 232 2600 multu
242 2530 361 2574 oresoente.
397 2530 458 2577 Victi
471 2531 576 2580 Pleminii
582 2535 663 2580 milites
674 2549 726 2580 cum
738 2536 767 2582 sti
775 2535 828 2583 Ple-

158 2601 260 2642 minium,
278 2605 379 2638 cruorem
396 2609 422 2641 ao
440 2597 533 2644 vulnera
552 2606 697 2652 ostentantes,
714 2615 762 2647 non
781 2602 830 2648 sine

158 2652 317 2703 vociteratione
326 2663 393 2720 stque
402 2658 557 2723 indignatione
564 2664 736 2721 concurisseut,
748 2667 831 2729 probro
