1850 2917
201 125 231 176 Τ.
246 125 333 176 LIVII
350 124 403 176 Lu.
417 125 504 176 XXX.
524 124 585 178 cn.
600 131 638 176 1⁵.
710 129 759 178 ΒΜ

86 264 113 304 et
129 256 158 304 ad
173 263 265 320 penates
278 255 400 311 hortirfflrui
415 257 514 319 nuptiale
528 272 615 309 πωπω
630 254 759 305 conficeret.

87 321 128 370 Eo
141 321 236 368 foediora
250 321 299 368 haeo
314 321 444 373 videbuntur
459 323 565 384 Scipioni,
583 323 643 384 quod
652 322 726 384 iprum
735 323 763 370 in

86 384 202 448 Hispania
215 387 323 447 juvenem
339 386 421 433 nullius
437 386 512 434 forma
526 388 640 448 pepulerat
655 387 759 449 captim

88 448 151 498 Hrec
167 467 243 497 secum
258 451 367 498 volutanti
383 450 469 498 Laelius
481 468 510 498 ae
523 452 646 499 Masinissa
656 465 764 514 supervo·

88 523 187 572 nerunt;
208 531 265 576 quor
284 531 334 562 cum
353 515 435 577 pariter
453 518 519 564 ambo
538 525 562 563 et
579 518 677 578 benigno
695 516 761 563 vultu

89 578 221 642 excepisset,
246 587 270 626 et
290 581 387 642 egregiis
408 581 510 628 laudihua
525 581 637 641 frequenti
654 580 762 642 praetorio

88 643 238 702 celebriaaet;
254 645 373 692 abductum
391 647 416 692 in
435 654 545 693 secretum
564 646 709 692 Masinissam
729 645 762 692 uic

89 709 222 771 alloquitur:
243 709 352 771 “Aliqua
362 711 507 764 teexietimo,
524 711 653 763 Masiuiraa,
670 711 763 758 intren-

88 781 137 820 tem
151 774 176 820 in
190 790 227 820 me
237 775 301 828 bona,
319 781 343 820 et
353 775 459 836 principio
471 776 494 821 in
506 772 617 837 Hirpauii
626 775 761 836 adjungen-

89 839 142 885 dam
153 854 242 884 mecum
253 839 371 886 amicitiam
381 840 477 893 verume,
494 847 518 885 et
527 847 606 901 postea
615 839 638 884 in
649 835 729 886 Afriot
737 845 763 886 te

89 903 165 965 ipsum
182 919 276 964 apesque
293 919 371 950 omnes
387 912 437 950 tuae
453 905 477 949 in
495 902 562 950 fidem
578 919 652 966 meam
667 902 762 949 commi·

90 969 154 1015 tirso
190 967 262 1028 Atqui
280 967 341 1014 nulla
359 983 435 1014 earum
453 969 525 1014 virtue
540 975 582 1020 eat,
599 975 762 1029 propterque!

90 1032 229 1094 appetendus
239 1031 278 1077 tibi
288 1032 350 1078 virus
361 1033 410 1085 rim,
429 1030 474 1092 qui
483 1048 528 1093 ego
538 1047 609 1092 aeque,
627 1039 693 1092 atque
703 1039 763 1078 tem·

74 1094 193 1207 'ffiutii
211 1103 234 1142 et
251 1095 387 1143 continentii
404 1096 527 1149 libidinum,
544 1097 653 1158 gloriatur
670 1095 759 1142 fuerim

150 1177 163 1207 c
182 1167 205 1206 te
223 1176 311 1222 quoque
329 1161 357 1207 ad
375 1168 467 1208 caeteraa
484 1168 534 1207 tuaa
550 1160 642 1208 eximiae
658 1160 761 1213 virtuter,

90 1223 222 1278 Masinissa,
246 1225 352 1287 adjecisse
372 1226 446 1272 velim.
489 1225 545 1271 Non
563 1233 605 1279 eat,
629 1239 675 1271 non
695 1222 762 1287 (mihi

91 1287 169 1348 crede)
181 1296 268 1335 tantum
279 1291 306 1336 ab
320 1291 419 1336 hostibus
433 1290 523 1337 armatis
538 1290 599 1338 aetati
609 1297 693 1336 nortrae
702 1290 762 1351 peri-

91 1353 176 1407 culum,
193 1361 300 1414 quantum
311 1355 338 1400 ab
348 1353 487 1400 circumfusis
497 1356 595 1414 undique
602 1354 760 1416 voluptatibus·

91 1417 144 1472 Qui*
159 1433 197 1464 eac
212 1415 252 1464 rui
268 1415 412 1480 temperantii
426 1418 523 1465 frenavit
538 1434 564 1465 ac
580 1419 672 1470 domuit,
690 1418 763 1463 multo

61 1493 66 1510 ⁵
89 1483 164 1545 majus
175 1483 243 1529 decue
253 1484 403 1544 majoremque
412 1483 529 1530 victoriam
540 1483 580 1530 ribi
590 1483 682 1545 peperit,
694 1495 763 1541 quam

90 1562 136 1594 nos
156 1547 258 1608 Syphace
276 1547 336 1594 victo
358 1548 471 1594 habemus.
513 1547 580 1601 Qhae,
604 1563 642 1594 me
662 1548 761 1599 absente,

91 1617 184 1660 strenue
198 1627 224 1658 ac
238 1611 325 1658 fortiter
339 1611 419 1666 sociati,
435 1613 529 1658 libenter
543 1620 566 1658 et
581 1610 762 1664 commemorari,

90 1683 116 1724 et
130 1676 237 1722 memini:
256 1683 338 1724 caetera
347 1677 456 1739 teipsum
472 1684 574 1738 reputare
587 1685 669 1730 tecum,
686 1678 762 1736 quani,

91 1755 131 1788 me
149 1740 243 1794 dicente,
262 1741 390 1788 erubescere
408 1741 475 1788 malo.
510 1742 603 1802 Syphax
620 1741 696 1803 populi
712 1739 764 1785 Ro-

90 1805 154 1852 mani
174 1805 276 1866 auspiciis
294 1805 367 1852 victus
388 1813 510 1868 captusque
530 1812 572 1852 ert.
606 1804 763 1868 Itaquexipre,

92 1871 185 1932 conjux,
202 1885 304 1931 regnum,
321 1885 383 1932 ager,
395 1870 481 1932 oppidu,
493 1870 595 1916 hominen
605 1870 644 1930 qui
653 1868 762 1922 incolunt,

92 1933 201 1995 quidquid
220 1933 314 1994 denique
333 1933 442 1996 Syphacis
460 1933 510 1987 fuit,
527 1933 603 1996 praeda
620 1933 697 1996 populi
714 1931 765 1979 Ro-

92 1999 155 2044 mani
166 2005 215 2044 est:
233 2006 257 2045 et
272 2014 357 2060 regem,
374 2000 537 2062 conjrrgemque
549 1999 604 2060 ejus,
621 1997 765 2044 etiamsinon

91 2061 151 2109 civis
167 2061 357 2124 Carthaginiensis
372 2071 437 2116 esset,
455 2063 602 2110 etiamsinon
617 2070 702 2124 patrem
716 2062 766 2123 eJur

91 2128 250 2189 imperatorem
270 2128 366 2173 hortium
386 2129 518 2180 videremur,
535 2127 634 2173 Romam
653 2131 767 2188 oporteret

92 2191 208 2245 mittiue
225 2191 314 2238 senatus
328 2193 448 2252 populique
462 2192 561 2240 Romani
576 2192 604 2237 de
617 2189 644 2237 ei
656 2191 766 2252 judicium

94 2263 165 2316 atque
177 2256 292 2302 arbitrium
307 2271 363 2312 esse,
381 2272 431 2317 quae
446 2272 523 2318 regem
538 2257 602 2302 nohis
617 2256 702 2301 socium
712 2254 768 2300 alie·

94 2318 169 2374 nisse,
179 2327 244 2381 atque
251 2321 274 2366 in
281 2336 342 2367 arma
349 2321 422 2382 egisse
429 2321 573 2382 praecipitem,
582 2321 675 2367 dicatur.
692 2318 767 2366 Vince

93 2385 210 2432 animum:
230 2401 284 2431 cave
294 2385 404 2432 deformes
415 2385 486 2430 multa
495 2387 554 2430 bona
563 2401 609 2431 uno
620 2385 682 2437 vitio,
699 2390 723 2429 et
732 2389 769 2428 tot

83 2446 227 2496 'meritorium
237 2449 332 2511 gratiam
347 2450 430 2510 majore
444 2446 517 2509 culpi,
534 2464 601 2508 quam
615 2447 769 2509 cauaa·eulpae

93 2512 307 2575 eatfcorrumpasss’

127 2571 188 2624 XV.
211 2577 342 2626 Masinissae
360 2579 409 2624 haec
428 2576 526 2625 audienti
544 2591 591 2624 non
610 2578 677 2624 rubor
696 2577 769 2623 solum

93 2641 203 2710 suffusus,
220 2643 261 2692 sed
277 2643 383 2706 herymae
399 2642 467 2692 etiam
483 2642 583 2691 obortaez
602 2648 633 2696 et,
649 2655 702 2688 cum
720 2648 770 2688 “oa
