1850 2917
162 149 209 195 us
266 145 296 195 n.
310 143 399 194 mvn
415 144 469 193 nn
483 142 581 192 xxvi.
600 141 661 193 cn.
674 147 714 190 ss
770 128 777 140 “

159 281 254 331 oretum,
271 277 289 323 si
299 273 343 338 qui
353 273 502 323 misericordis
512 275 601 321 tandem
612 272 671 320 flecti
683 278 783 334 possent,
800 285 830 318 ne

159 357 184 388 se
192 342 223 388 ad
228 341 329 388 ultimum
339 341 447 403 perditum
453 341 518 393 iamt,
528 351 654 399 nomenque
661 336 828 400 campanorum

159 421 173 453 s
184 405 216 461 Q.
225 405 307 453 Flscco
317 406 384 452 deleri
396 406 500 452 sinerent.
527 403 629 456 Flaccus,
643 410 659 431 ‘⁴
668 403 709 448 sibi
718 402 829 464 privatam

159 471 295 520 simultatem
311 485 362 517 cum
378 467 525 531 Campanis,”
542 483 631 530 negare,
652 474 668 497 “
679 467 747 514 nllnm
762 481 826 513 esse:

158 535 257 598 publicus
267 535 391 582 inimicitias
402 541 425 580 et
436 534 527 580 hostiles
537 547 593 586 esse,
609 539 633 578 et
644 531 739 584 futuras,
755 530 830 592 quossi

159 615 187 647 eo
198 601 272 647 animo
283 615 332 647 esse
346 613 400 661 ergo
413 598 519 660 populum
534 597 663 644 Romanum
679 597 759 642 sciret:
779 595 831 640 nnl-

159 663 204 724 lam
218 665 278 712 enlm
293 665 317 710 in
331 663 396 711 terris
409 670 501 725 gentem
515 677 571 715 esse,
589 662 675 707 nullum
690 660 830 707 infestiorem

159 727 266 791 populum
277 729 361 775 nomini
373 728 484 775 Romano.
513 726 568 773 Ideo
579 741 603 773 se
611 727 722 772 moenibus
730 725 829 772 inclusos

159 799 236 840 tenere
246 808 298 840 eos:
318 793 377 853 quia,
393 793 411 839 si
422 792 459 852 qui
470 791 594 838 evasissent
603 788 682 851 ailquI,
698 790 761 836 velut
771 789 831 836 seras

158 859 240 904 bestias
249 873 290 920 per
297 873 363 920 ngros
370 857 454 919 vagari,
466 864 490 902 et
498 856 586 909 lanisre,
598 863 621 901 et
629 855 746 908 trucidare,
758 855 831 915 quod-

160 937 257 982 cumque
270 923 358 969 obvium
373 922 443 968 (lmus.
479 921 545 968 Alios
555 921 584 966 sd
595 919 744 966 Hsanem
756 926 830 966 trans·

61 981 65 988 ’
158 985 251 1048 fugisse,
267 987 322 1033 alios
335 987 362 1032 sd
373 987 471 1032 Romam
481 985 640 1032 incendendam
650 983 776 1046 profectos:
796 982 831 1029 ln-

160 1057 279 1097 venturum
294 1051 317 1096 in
333 1052 438 1097 semiusto
450 1049 500 1097 foro
511 1050 624 1096 consulem
630 1049 731 1110 .vestigis
741 1049 832 1095 sceleris

160 1112 334 1177 conpanomm.
371 1114 451 1162 Vestae
473 1115 544 1161 aedem
565 1114 664 1175 pelium,
687 1121 711 1159 et
732 1120 831 1159 aeternos

158 1179 232 1242 ignes,
248 1187 271 1226 et
286 1180 399 1226 conditum
414 1180 437 1225 in
452 1179 559 1242 penetrali
572 1177 639 1224 faule
651 1179 733 1240 pignus
743 1178 831 1239 imperii

160 1243 266 1290 Romani.
302 1245 332 1292 Se
342 1245 433 1290 minime
443 1259 535 1290 censere
545 1250 618 1289 tutum
632 1258 689 1295 esse,
706 1241 830 1304 Cmnpanis

159 1314 293 1370 potestatem
304 1309 400 1354 intrandi
410 1308 515 1355 Romane
525 1309 608 1354 moenis
618 1306 691 1354 lieri.”
719 1305 831 1354 Laevlnus

68 1397 72 1408 ·
160 1370 296 1434 Campanos,
308 1373 452 1436 jurejurando
467 1389 481 1419 a
495 1371 577 1419 Flscco
590 1372 688 1426 edoctos,
703 1373 783 1432 quinto
794 1371 831 1419 die

159 1451 227 1497 quum
238 1437 265 1484 ub
276 1446 354 1484 sersatu
364 1453 494 1500 responsum
502 1437 646 1500 accepissent,
659 1435 759 1498 Capuam
772 1437 831 1483 redi-

160 1509 230 1555 turos,
243 1503 305 1563 sequi
316 1518 340 1549 se
348 1503 445 1549 Romam
451 1501 527 1565 jussit.
555 1501 608 1548 Huc
615 1501 763 1548 circumfusus
771 1502 831 1548 mul-

158 1565 261 1620 titudine,
285 1566 350 1614 simul
372 1567 452 1614 Siculis
470 1567 558 1613 obvism
576 1566 673 1628 egressis
691 1565 831 1626 AEtolisque,

160 1629 258 1686 Romam
269 1631 363 1692 preivit,
381 1632 551 1678 clarissimarum
562 1632 648 1677 urbium
660 1629 758 1676 exscidio
770 1631 832 1678 cele-

155 1694 259 1740 berrimis
270 1695 323 1742 viris
333 1697 405 1742 victos
414 1697 473 1742 bello
483 1702 622 1742 accusatores
631 1695 655 1740 in
664 1695 750 1741 Urbem
759 1696 832 1741 adalu-

157 1772 220 1804 cens.
255 1757 295 1805 De
309 1759 418 1820 repositos
433 1768 508 1807 tomen
523 1760 618 1821 primum
632 1775 659 1806 ao
671 1759 699 1805 de
709 1759 833 1821 provinciis

158 1824 224 1870 ambo
235 1824 337 1870 consules
347 1825 375 1870 ad
386 1832 488 1871 senatum
498 1823 601 1870 retulere.
765 1835 769 1845 ·
781 1840 784 1847 ·

156 1917 159 1923 -
192 1886 317 1934 XXVIII.
340 1887 374 1935 Ibi
390 1887 505 1942 Laevinus,
523 1904 568 1949 quo
583 1895 642 1934 stetu
656 1887 793 1936 Macedonia
806 1898 832 1937 et

160 1951 257 2005 Graecis,
269 1953 350 2007 AEtoli,
362 1952 500 2006 Acarnanes,
513 1951 625 2013 Locrique
634 1960 716 2006 essent,
728 1968 832 2014 qussque

158 2015 188 2064 tlsi
200 2032 235 2064 res
250 2018 298 2080 ipse
312 2018 395 2080 egisset
410 2015 470 2064 terri
483 2018 589 2078 marique,
605 2018 720 2079 exposuit:
745 2025 760 2047 ‘⁴
772 2017 831 2064 Phi-

157 2081 250 2142 lippum,
270 2082 401 2128 inferentem
420 2083 502 2129 bellum
519 2081 610 2134 AEtolis,
630 2083 653 2126 in
670 2081 831 2130 Macedoniarn

154 2151 219 2190 'retro
229 2147 257 2191 ab
267 2161 291 2192 se
301 2147 447 2209 compulsum,
460 2147 489 2193 sd
495 2147 574 2193 intima
580 2145 668 2208 penitus
676 2147 740 2208 regni
748 2147 830 2201 abisse,

158 2208 315 2271 legionemque
324 2211 376 2258 inde
387 2211 465 2257 deduci
475 2227 554 2273 posset
573 2211 666 2258 clsstem
677 2211 730 2257 satis
741 2225 791 2258 esse
801 2213 832 2259 sd

157 2273 278 2320 arcendum
293 2272 358 2321 Italis
372 2274 477 2338 regem.”
510 2275 571 2322 Haec
581 2277 609 2322 de
620 2291 645 2322 se
654 2275 726 2336 (leque
735 2277 831 2338 provin-

156 2334 198 2391 cii,
210 2337 247 2384 cui
254 2337 379 2400 prefuerat·
406 2338 532 2388 Consulum
541 2341 568 2387 de
573 2341 694 2402 provinciis
702 2342 831 2390 communis

120 2443 121 2448 ,
157 2401 235 2448 relatio
253 2401 308 2448 fuit:
333 2401 452 2452 decrevere
468 2404 555 2459 Patres,
577 2405 612 2452 Ut
629 2406 692 2452 alteri
709 2407 830 2454 consulum

156 2462 223 2511 Italis
232 2466 357 2528 bellumque
367 2483 419 2514 cum
430 2467 558 2517 Hannibale
565 2471 756 2532 prosincisesset:
772 2471 831 2519 alter

156 2528 258 2583 classem,
270 2531 306 2577 cui
317 2529 346 2577 Τ.
356 2531 465 2580 Otacilius
475 2534 607 2597 prefuisset,
623 2535 765 2596 Siciliamque
774 2551 830 2597 pro-

131 2595 133 2600 '
154 2592 258 2647 vinciana,
271 2609 322 2641 cum
331 2595 360 2641 L.
370 2594 450 2644 Cincio
458 2606 555 2660 praetore
563 2600 679 2647 obtineret.
705 2599 830 2648 Exercitm

154 2655 187 2704 eis
197 2656 241 2706 duo
252 2657 341 2714 decreti,
356 2661 396 2722 qui
409 2661 433 2709 in
447 2661 541 2712 Etrurii
554 2663 672 2728 Gellitque
681 2672 770 2713 essent:
792 2681 829 2716 sss
