1850 2917
159 167 161 172 ¹
193 171 642 254 T.L1vllanxxv1.cn.a1.
706 207 754 254 151

90 331 191 380 Marcelli
206 333 271 382 mord
283 327 408 388 destitutos,
425 337 477 398 quia
490 335 518 382 ad
529 329 660 397 predictum
670 341 759 397 tempus

89 399 210 458 exercitum
223 401 251 446 ad
263 401 385 461 Syracusas
393 415 438 446 non
449 401 591 453 admovisset,
600 399 758 455 indiciofacto,

89 477 165 510 omnes
182 466 211 510 ab
228 466 330 524 tyranms
346 465 481 512 interiectos.
515 465 576 511 Eam
592 479 681 524 quoque
698 463 759 526 Hip-

88 530 183 588 pacratis
194 537 264 590 atque
277 528 385 590 Epicydis
399 531 539 591 tyrannidem
550 529 685 575 lilarcellum
696 529 759 574 exci-

88 591 152 646 tisse,
163 593 286 640 Leontinis
296 595 414 640 crudeliter
422 595 520 656 direptis.
543 593 667 654 Nunquam
678 592 759 640 deinde

87 657 197 720 principes
209 659 401 718 Syracusanorum
411 659 497 706 desisse
504 658 673 705 adMarcellum
684 665 759 705 trans·

87 722 122 775 ire,
139 723 295 784 pollicerique,
312 726 427 777 acumem,
445 739 496 770 caan
507 723 581 776 vellet,
593 723 614 768 ei
622 722 756 768 tradituros:

87 787 123 833 sod
142 803 196 834 eum
216 788 291 848 primo
309 789 332 834 vi
351 803 429 850 capere
447 788 564 834 maluisse:
587 787 646 840 dein,
664 801 716 833 cum
735 787 759 834 id

86 865 157 913 neque
174 849 238 898 terri
253 867 325 912 neque
340 854 403 906 mari,
420 853 496 898 omnia
511 859 623 913 expertus,
639 851 756 912 potuisset,

85 927 189 963 auctores
197 916 329 963 traditarum
341 917 502 978 Syracusarum
508 917 594 962 fabrum
603 917 706 962 aerarium
715 916 759 963 So-

86 981 132 1035 sim,
151 989 177 1028 et
194 981 310 1028 lilericum
327 981 462 1042 Hispanum,
481 996 546 1042 quam
562 981 672 1042 principes
689 981 758 1042 Syra-

86 1061 223 1092 cufflnomm
239 1047 325 1100 habere,
348 1048 416 1092 toties
430 1046 453 1092 id
466 1045 612 1106 nequidquam
629 1046 688 1092 ultro
702 1045 759 1092 offe·

87 1118 169 1165 rentes,
194 1109 348 1172 praeoptisse3
372 1126 417 1172 quo
433 1111 517 1157 scilicet
530 1111 627 1171 justiore
644 1111 673 1157 de
691 1109 759 1158 causi

85 1176 255 1222 vetustissimos
277 1176 349 1221 socios
367 1175 442 1236 populi
462 1175 561 1222 Romani
582 1175 708 1228 tmcidaret,
731 1189 759 1222 ac

85 1239 199 1302 diriperet.
237 1239 262 1286 si
279 1253 325 1285 non
341 1239 497 1300 Hieronymus
511 1239 540 1286 ad
555 1238 705 1285 Hannibalem
720 1239 759 1286 dc-

84 1304 183 1357 ieciaaet,
194 1303 235 1350 sed
245 1304 340 1365 populas
349 1305 503 1364 Syracusanus
510 1311 533 1350 et
541 1311 631 1350 senatus
637 1321 645 1361 ;
657 1304 675 1350 si
683 1311 760 1365 portas

86 1369 200 1416 Marcello
213 1368 347 1428 Syracusani
357 1369 450 1430 publice,
465 1376 488 1415 et
498 1383 552 1420 non,
568 1369 679 1430 oppressis
690 1369 760 1429 Syra-

87 1434 185 1486 cusanis,
209 1433 299 1494 tyranni
321 1449 398 1480 eorum
421 1432 571 1494 Hippocrates
592 1440 615 1478 et
636 1432 757 1494 Epicydes,

86 1499 238 1554 clausissent3
253 1498 271 1542 si
286 1496 505 1559 Carthaginiensium
520 1497 600 1543 animis
612 1497 695 1542 bellum
706 1512 757 1543 cum
825 1513 828 1523 ¹

85 1564 171 1626 populo
186 1562 294 1608 Romano
308 1563 445 1624 gessissent3
463 1562 517 1624 quid
534 1561 599 1615 ultra,
616 1577 684 1623 quam
699 1561 759 1622 quod

86 1627 174 1680 lecerit,
199 1627 242 1673 nisi
260 1635 286 1673 ut
305 1628 388 1674 deleret
407 1628 536 1687 Syracusas,
559 1625 632 1672 facere
650 1626 760 1673 hostiliter

88 1692 228 1739 Marcellum
239 1692 355 1756 potuisse?
375 1690 452 1746 Certe,
468 1699 549 1753 praeter
563 1691 647 1738 moenia
660 1698 683 1738 et
699 1699 759 1738 tecta

87 1758 200 1804 exhauste
210 1757 277 1809 urbis,
290 1763 312 1802 et
327 1756 421 1802 refracta
430 1772 456 1803 ac
468 1757 561 1819 spoliata
571 1755 648 1802 Deirm
660 1757 757 1811 delubra,

87 1821 142 1868 Diis
153 1821 210 1884 ipsis
221 1821 400 1881 ornamentisque
410 1837 488 1867 eorum
498 1822 583 1874 ablatis,
592 1822 647 1866 nihil
658 1821 759 1868 relictum

88 1886 208 1947 Syracusis
223 1899 280 1932 esse.
314 1885 381 1932 Bona
394 1901 483 1946 quoque
496 1886 573 1931 multis
587 1885 681 1937 ademta,
693 1885 725 1947 ita
735 1894 762 1932 ut

88 1965 117 1998 ne
131 1950 195 1996 nudo
206 1950 295 2010 quidem
307 1951 363 2004 solo,
375 1951 472 2011 reliquiis
482 1950 574 2011 direptae
583 1948 688 2001 fortunae,
700 1949 760 1996 alere
782 1971 788 1978 ·

88 2031 137 2062 sese
152 2031 180 2062 ac
195 2029 248 2060 suos
263 2023 362 2076 possent.
398 2015 470 2062 Orare
484 2029 509 2061 ae
519 2012 599 2060 Patres
613 2014 759 2075 conscriptos,
831 2066 838 2086 Ι

88 2087 120 2135 nt,
137 2081 156 2127 si
172 2087 286 2144 nequeant
303 2081 383 2134 omnis,
400 2080 486 2133 saltem,
505 2094 555 2140 quae
568 2086 710 2140 compareant
720 2094 761 2126 co·

89 2146 215 2208 gnoscique
230 2145 323 2206 possint,
344 2142 663 2205 restimidominisjubeant.”
695 2143 761 2191 Talia
818 2185 822 2193 ,

89 2209 231 2272 conquestos
237 2224 289 2256 cum
300 2210 407 2256 excedere
421 2223 450 2256 ex
463 2208 554 2270 templo,
570 2215 596 2254 ut
606 2208 634 2254 de
643 2202 761 2270 postmis

90 2290 168 2322 eorum
191 2273 272 2320 Patres
293 2274 379 2321 consuli
400 2281 499 2336 possent,
522 2271 631 2318 Laevinus
648 2274 759 2334 jussisset,

90 2347 106 2369 ‘⁴
117 2340 231 2387 Maneant
241 2337 337 2392 immo,”
348 2339 371 2384 in
387 2338 420 2384 uit
432 2337 563 2390 Marcellus,
580 2344 631 2382 “ut
641 2351 716 2382 coram
726 2337 763 2381 his

88 2399 244 2466 respondeam,
260 2403 349 2469 qnando
364 2419 390 2449 ea
404 2401 532 2448 conditione
544 2416 587 2462 pro
596 2399 667 2453 vobis,
684 2399 763 2445 Patres

90 2468 219 2530 conacdpfi,
230 2469 288 2516 bella
300 2469 406 2529 gerimm,
419 2473 444 2512 ut
458 2466 531 2512 victos
545 2465 613 2510 aruis
622 2469 763 2509 acctraatores

89 2535 219 2582 habeamus·
255 2531 318 2579 Duae
329 2538 400 2594 captae
410 2531 453 2596 hoc
465 2529 607 2586 annourbes,
620 2525 699 2587 Capua
706 2522 763 2572 Ful-

90 2595 153 2646 vium
164 2611 236 2651 muln,
249 2596 385 2642 Marcellum
398 2595 516 2654 Syracusae
526 2589 647 2638 habeant.”

96 2679 100 2703 =
120 2659 224 2720 XXXI.
242 2660 353 2708 Reductis
368 2660 392 2704 in
408 2657 492 2704 curiam
507 2656 596 2716 legatis,
607 2660 661 2698 ⁴tum
676 2650 762 2722 consul,

91 2734 108 2758 ‘⁴
116 2725 174 2776 Non
182 2726 239 2775 adeo
247 2719 395 2788 majestatis,”
407 2721 487 2782 inquit,
500 2723 516 2749 ‘⁴
524 2717 600 2780 populi
611 2714 710 2776 Romani
720 2726 764 2757 rm·
