1850 2917
168 136 209 179 ὅθ’
286 130 315 183 T·
329 130 419 183 len
434 131 490 182 Lu·
500 132 588 187 XXV.
607 130 669 183 Cur.
684 133 732 177 1⁸.¹

207 260 306 311 xvm.
330 261 449 317 Consules,
472 275 553 326 ugrum
572 260 714 325 Cuntpsuum
737 260 848 323 inertum

168 342 220 373 oum
233 328 316 390 possim
333 330 499 393 popularentur,
517 328 634 389 eruptione
647 326 809 389 oppidanorum
821 334 847 372 et

169 391 279 455 Magonis
303 408 355 441 oum
373 394 473 455 equitatu
491 394 563 440 territi
581 400 606 441 et
622 390 709 453 trepidi,
729 390 758 437 ad
777 391 847 452 signo

169 457 251 505 milites
265 459 352 521 pulntos
372 459 454 521 psum
474 456 622 516 revoctrunt;
646 465 676 511 et,
696 455 790 503 vixdum
808 455 847 501 in-

170 521 255 570 structi
268 524 316 572 soie
330 523 382 577 lusi,
403 538 471 586 supro
489 524 550 570 mille
568 531 591 569 et
607 523 744 584 quingentos
759 520 847 567 milites

168 588 297 635 smisemnt.
332 588 390 637 Inde
404 590 487 651 ingens
499 588 583 635 ferocis
597 589 698 649 superbe
717 586 847 647 moptein-

168 654 237 714 genio
247 653 310 717 genti
321 655 405 701 erevit:
421 654 543 715 multisque
552 654 637 715 proeliis
646 652 785 700 manebant
791 650 846 697 Ro-

169 732 263 765 manos:
283 718 322 765 sed
341 719 473 766 intentiores
489 720 518 765 sd
536 718 660 767 eruendum
676 716 780 765 consules
798 730 847 763 uus

169 798 247 845 pugne
258 782 348 836 lecerat,
367 784 456 831 incaute
471 791 538 845 utque
554 783 680 830 inconsulte
695 782 758 829 initu.
793 780 846 827 Re·

170 848 244 895 stituit
261 856 337 895 tumen
351 849 386 895 his
403 849 498 901 animos,
516 856 540 895 et
558 848 602 895 illis
620 847 701 893 minuit
719 845 844 898 audacium,

168 928 352 975 pmsunures:
373 913 521 961 sedinbello
536 913 651 959 nihilum
667 911 848 971 leveestquod

170 992 216 1023 non
234 992 326 1039 msgnae
347 978 458 1025 interdum
484 978 516 1023 rei
537 985 677 1025 momentum
701 975 774 1024 seim
810 974 842 1025 T.

172 1042 268 1095 Quintio
280 1040 385 1104 Crispino
396 1042 482 1091 Badius
493 1041 623 1103 Campanus
630 1042 711 1103 hospes
727 1047 782 1092 ersi
792 1054 847 1101 per·

167 1105 270 1155 ismtlim'i
281 1108 481 1169 hospitiojunotus.
511 1105 621 1155 Creverat
627 1106 773 1159 consuetudo,
782 1106 846 1165 quod

169 1186 231 1234 aegsr
239 1172 322 1220 Rornae
330 1173 388 1234 spud
400 1172 528 1235 Crispinum
538 1172 623 1219 Badius
633 1178 686 1218 onte
693 1170 843 1219 defectionem

169 1235 308 1300 campanum
334 1231 453 1285 liberaliter
479 1238 616 1299 comiterque
642 1243 732 1283 ourstus
757 1234 841 1283 fuerat.

170 1300 232 1349 Tum
248 1301 341 1355 Bsdius,
359 1318 492 1365 progressus
514 1310 567 1349 unte
586 1302 701 1355 stationes,
727 1316 778 1361 quse
800 1316 844 1362 pro

169 1364 234 1428 porti
256 1368 350 1421 stabunt,
376 1368 452 1419 vossii
472 1366 602 1429 Crispinum
618 1367 702 1428 jussit:
729 1365 789 1426 quod
807 1365 845 1411 ubi

170 1438 205 1479 est
222 1430 328 1493 Crispino
349 1433 483 1486 nuntiatum,
505 1440 568 1479 rstus
587 1431 723 1491 colloquium
744 1430 844 1477 enricum

169 1510 195 1543 so
211 1494 319 1544 innulim
336 1499 414 1558 quaeri,
430 1505 536 1543 manente
551 1494 666 1550 memorii,
683 1496 750 1543 etism
767 1495 791 1540 in
808 1495 844 1541 di·

170 1562 239 1609 scidio
254 1562 393 1625 publicorum
408 1562 527 1616 foederum,
544 1562 625 1623 privati
636 1561 702 1623 juris,
721 1560 814 1622 pardum
831 1576 846 1609 u

168 1628 257 1674 oaeteris
267 1628 382 1689 prooessit
418 1626 543 1688 Postquam
552 1628 578 1673 in
594 1632 738 1687 conspectum
749 1622 842 1678 venire,

166 1690 304 1738 '⁴⁴Provoeo
327 1690 375 1745 te,”
396 1692 475 1752 inquit,
498 1700 515 1721 ⁴⁴
529 1692 558 1738 sd
578 1706 685 1753 pugnum,
710 1688 843 1750 Crispine,’'

169 1755 269 1803 Bsdius:
295 1758 499 1805 “conscendamus
513 1772 598 1817 equom
616 1755 768 1816 submotisqus
784 1755 842 1810 ullis,

169 1828 220 1869 utet
229 1822 288 1867 bello
295 1820 375 1867 melior
387 1823 422 1875 sit,
432 1820 606 1869 decernsnrus.”
628 1819 668 1867 Ad
677 1835 704 1867 es
715 1818 844 1881 Crispinus,

170 1892 187 1915 ⁴⁸
198 1900 240 1933 nso
255 1887 303 1941 sibi,
319 1902 360 1933 nec
374 1885 432 1941 illi,’'
449 1888 489 1940 sit,
508 1894 524 1915 ‘⁴
534 1886 612 1933 hostes
626 1886 711 1939 deesse,
725 1885 750 1930 in
761 1884 844 1945 qtdbus

166 1951 274 1999 virtutem
289 1952 421 1999 ostendant:
440 1966 472 2004 ss,
484 1951 571 1998 etiami
581 1950 605 1997 in
616 1950 664 1997 scie
675 1957 786 2003 occurrat,
803 1950 845 1997 ds*

168 2016 309 2070 elinsturum,
322 2032 351 2063 ne
361 2016 464 2078 hospitali
479 2016 542 2063 caeds
555 2016 657 2063 dextrum
667 2012 769 2063 violet:”
787 2030 844 2063 uou-

167 2094 290 2141 versusque
300 2082 378 2129 abibat.
414 2080 539 2127 Enimvero
548 2078 844 2141 ferociustuanmpunus

168 2146 283 2207 increpare
293 2147 409 2193 mollitiem
424 2146 589 2209 ignauiamque,
606 2152 631 2191 et
646 2160 672 2191 se
684 2144 752 2206 dignu
761 2146 845 2207 probru

169 2209 193 2255 in
204 2210 315 2256 insontem
323 2212 405 2272 jecere,
427 2218 442 2239 “
454 2210 586 2272 hospitalem
597 2208 702 2256 hostem''
718 2209 841 2272 appellum,

171 2275 384 2335 “simulantemque
405 2290 503 2337 psroere,
527 2275 563 2321 cui
582 2275 637 2322 scist
655 2288 732 2335 psrem
751 2289 776 2321 se
794 2288 843 2321 non

169 2354 225 2386 esse.
262 2339 386 2401 siparum,
403 2341 498 2401 publicis
513 2338 634 2387 loederibus
652 2339 730 2401 ruptis,
747 2338 845 2387 dranis

169 2404 237 2449 simul
247 2410 270 2449 et
280 2404 366 2465 privsts
372 2406 425 2467 jura
439 2420 490 2451 esse
504 2413 575 2467 putet.
591 2404 688 2451 Badium
699 2402 843 2465 Cumpsnum

170 2466 200 2513 Τ.
216 2467 311 2521 Quintio
326 2467 431 2532 Crispino
446 2470 553 2516 Bonum
571 2470 651 2531 pulum,
672 2468 758 2515 duobus
776 2483 845 2517 exer·

169 2531 249 2578 sitibus
264 2533 409 2589 audientibus,
422 2535 550 2581 renuntiare
559 2535 687 2596 hospitium
721 2533 787 2580 Nihil
802 2535 844 2581 sini

169 2610 222 2646 uum
231 2610 258 2642 oo
267 2598 427 2653 conmoistum,
437 2599 493 2647 nihil
499 2599 632 2658 ioederstum
641 2600 700 2649 hosti
709 2613 759 2645 cum
768 2599 844 2653 hosts,

170 2659 234 2723 cujus
244 2662 338 2723 patriam
352 2678 379 2712 sc
393 2671 485 2729 penates
495 2664 595 2728 publicos
605 2665 747 2728 privatosque
755 2678 845 2727 oppug-
