1850 2917
135 152 138 157 ’
193 174 223 224 r,
237 175 326 229 mvn
343 179 396 229 ns
411 180 537 229 xxvnr.
557 180 616 231 cn.
630 182 670 229 as.
722 187 771 233 sor

80 374 83 378 Δ
103 321 155 367 quas
175 310 257 356 consul
274 310 405 372 reliquisset,
423 328 471 359 rem
485 318 589 374 gereret:
611 312 772 375 imperiumque

102 373 125 417 in
135 383 226 421 annana.
238 384 402 437 prorogaretur,
420 378 456 423 cui
473 393 499 423 ea
514 377 628 439 provincia
644 379 768 427 euenisset:

101 445 124 483 et
134 438 231 490 caeteris,
244 449 324 499 praeter
337 442 440 487 consules
455 450 614 501 praetoresque,
634 442 671 501 qui
686 444 772 490 exerci-

101 502 159 547 tibus
167 504 332 564 provinciisqne
339 505 455 566 praefuturi
463 508 533 560 erant,
543 514 663 567 prorogata
670 508 768 567 imperia.

103 566 134 620 Q.
146 565 243 614 Caecilio
254 577 314 617 sorte
323 571 406 623 evenit,
424 578 516 620 ut2cum
533 572 625 617 consule
641 571 664 616 in
675 570 771 619 Bruttiis

100 632 209 678 adversus
226 632 376 681 Hannibalem
391 636 474 681 bellum
491 644 586 697 gereret.
622 635 682 682 Ludi
693 636 772 683 deinde

102 698 214 757 Scipionis
224 698 308 760 magni
317 699 441 761 frequentiis
452 707 475 747 et
486 700 563 747 favore
574 700 721 762 spectantium
734 716 771 748 ce-

101 762 185 808 lebrati.
222 762 310 825 Legati,
323 764 427 826 Delphos
437 766 466 811 ad
478 766 560 813 donum
577 780 606 811 ex
622 764 697 827 praedl
708 764 772 813 Has·

101 827 199 874 drubalis
212 829 344 889 portandum
360 830 430 883 missi,
448 830 485 877 M.
500 830 639 893 Pomponius
649 830 732 877 niano
748 838 771 877 et

102 892 135 946 Q.
149 890 236 946 Catius,
248 894 347 940 tulerunt
363 909 469 941 coronam
482 910 571 942 auream
582 894 702 942 ducentbm
714 908 772 957 pon-

101 956 137 1011 do,
155 965 179 1002 et
196 958 313 1005 simulacra
328 960 455 1021 spoliorum,
465 975 503 1007 ,ex
515 960 576 1005 mille
592 960 666 1021 pondo
683 960 771 1022 argenti

100 1020 165 1075 facta.
203 1022 285 1084 Scipio,
303 1031 364 1077 cnm,
378 1033 405 1070 ut
414 1024 525 1083 deleetum
536 1026 632 1078 haberet,
645 1040 717 1085 neque
727 1026 771 1071 im·

99 1086 215 1149 petrasset
229 1103 300 1148 neque
308 1090 589 1151 magnoqeretetendisset,
600 1096 625 1135 ut
633 1089 771 1135 voluntarios

98 1152 181 1199 ducere
198 1153 238 1198 sssai
253 1154 335 1199 milites
347 1154 432 1207 liceret,
447 1156 532 1201 tenuit:
554 1161 583 1206 et,
596 1155 647 1214 quia
662 1154 770 1214 impensae

98 1224 222 1278 negaverat
241 1219 366 1280 reipublicae
383 1218 482 1265 futuram
501 1219 608 1272 classem,
622 1226 654 1271 nt,
675 1232 727 1279 qnae
742 1219 770 1265 ab

99 1282 165 1328 sociis
176 1282 282 1328 darentur
292 1283 321 1329 ad
331 1299 401 1331 novas
411 1283 548 1330 fabricandas
559 1299 634 1336 naves,
651 1283 767 1345 acciperet.

99 1345 200 1395 Etruriae
219 1348 315 1408 primum
333 1349 416 1409 populi,
436 1364 476 1409 pro
493 1350 539 1395 suis
555 1349 648 1409 quisque
659 1347 770 1395 facultati-

98 1413 147 1465 bus,
165 1412 281 1457 consulem
298 1413 412 1474 adjuturos
423 1412 522 1474 polliciti.
558 1411 654 1461 Caerites
669 1412 770 1459 frumen-

99 1484 148 1522 tum
165 1477 237 1527 sociis
249 1478 363 1523 navalibus
377 1484 571 1537 commeatumque
581 1478 655 1523 omnis
667 1478 769 1538 genesim

98 1540 279 1603 Populonienses
293 1540 389 1599 terrum3
401 1541 574 1602 Tarquinienses
590 1541 659 1586 lintea
671 1541 694 1585 in
706 1541 768 1597 vela3

99 1605 242 1653 ‚Volaterrani
265 1604 435 1669 [interamenta]
457 1607 548 1653 navium
570 1612 593 1652 et
613 1604 768 1662 frumentum
864 1660 869 1672 ‚

99 1671 201 1717 Arretini
225 1671 318 1733 triginta
341 1671 410 1717 millia
431 1679 552 1724 scutorum,
573 1670 648 1732 galeas
667 1671 767 1724 totidem,

15 1773 16 1776 ,
98 1737 148 1797 pila,
161 1752 231 1798 gaesa,
244 1737 319 1782 hastas
329 1737 415 1797 longas,
428 1736 522 1783 millium
535 1736 695 1797 quinquaginta
707 1750 769 1781 sum-

98 1816 159 1847 mam
175 1801 224 1862 pari
239 1802 346 1863 cujusque
362 1802 451 1862 generis
471 1800 715 1861 numeroexpleturos,
733 1816 770 1847 se-

99 1881 170 1919 oures,
184 1872 252 1918 rutra,
264 1864 340 1919 falces,
352 1866 457 1920 alveolos,
470 1866 548 1919 molas,
561 1870 668 1924 quantum
680 1865 703 1909 in
714 1880 770 1925 qua·

98 1932 201 1992 draginta
212 1931 294 1991 longas
312 1945 381 1977 naves
399 1946 456 1992 opus
471 1936 547 1983 esset„
557 1929 623 1975 tritici
640 1936 730 1974 centum
746 1934 770 1975 et

97 1996 179 2058 viginti
197 1995 267 2041 millia
286 1996 401 2049 modium,¹
411 2003 435 2041 et
447 1995 479 2039 ‘in
495 1994 604 2041 viaticum·
615 1992 769 2039 decurionibus

97 2053 262 2122 remigibusque
278 2060 397 2106 collaturos
407 2066 423 2105 :'
439 2058 549 2113 Perusini,
571 2056 666 2111 Clusini,
685 2057 770 2104 Rusel-

97 2126 142 2172 lani
153 2126 247 2172 abietem
259 2126 283 2169 in
298 2124 435 2171 fabricandas
449 2139 526 2177 naves,
544 2130 567 2169 et
582 2122 688 2169 frumenti
704 2134 770 2184 mag-

99 2206 153 2237 num
172 2205 305 2236 nnmerum:
327 2190 398 2236 abiete
414 2204 444 2235 ex
460 2189 554 2251 publicis
571 2188 632 2233 silvis
651 2193 686 2234 est
704 2203 767 2235 usus.

100 2255 203 2305 Umbriae
215 2256 299 2316 populi,
317 2262 341 2301 et
355 2262 437 2316 praeter
451 2255 493 2300 hos
506 2253 609 2307 Nursini,
628 2258 651 2298 et
667 2251 768 2303 Reatini,

99 2329 123 2367 et
132 2320 276 2372 Amiternini,
289 2320 427 2379 Sabinusque
441 2334 495 2380 ager
510 2318 590 2372 omnis,
608 2316 771 2377 militesepolli·

99 2386 144 2441 aa.
179 2372 261 2437 Marsi,
274 2384 371 2445 rengis,
383 2384 559 2443 Marrucinique,
574 2382 639 2428 muni
650 2380 770 2427 soranam

100 2450 190 2496 nomina
200 2450 224 2494 in
235 2450 332 2495 classem
340 2448 455 2494 dederunt.
493 2444 617 2500 Camertes,
625 2466 627 2471 ¹
636 2460 687 2491 oum
703 2458 770 2504 aequo
782 2497 787 2507 ,

99 2515 183 2562 foedere
194 2528 245 2559 cum
254 2513 365 2559 Romanis
376 2517 457 2563 essent,
473 2510 587 2557 cohortem
600 2517 707 2557 armatam
718 2521 771 2555 sex·

99 2586 216 2627 centorum
241 2578 357 2623 bominum
387 2576 504 2620 miserunt.
550 2573 655 2636 Triginta
667 2604 669 2607 -
679 2572 772 2618 navium

15 2682 16 2692 ,
74 2631 77 2640 ’
102 2644 181 2691 earinae
201 2641 495 2705 (vigintiquinqueremes,¹
507 2639 584 2685 decem
607 2629 770 2699 quadriremes)
872 2661 874 2665 .

15 2725 16 2730 ’
99 2723 152 2774 ium
164 2713 241 2765 essent
252 2705 339 2770 Ρθθίῑῑθι
353 2705 401 2773 il'oe.
414 2704 447 2758 iti
458 2702 619 2775 instititoperi,
634 2708 659 2749 ut
669 2700 772 2756 ‘leiim'
799 2719 912 2879 Ι
