1850 2917
171 111 221 156 ³86
289 105 319 156 Τ.
332 105 593 156 IdVliLiaXXX
611 105 722 160 emat

170 236 355 292 eltoclauditin
366 235 592 299 quositacartbsgo
606 245 649 292 est,
662 236 756 300 triginta
769 233 850 287 term

171 302 279 350 milliaab
290 300 354 362 urbe)
366 303 416 348 aliae
427 303 619 349 adverauaurbem
631 299 851 364 ipsamadCslidn

173 365 252 442 Aquas
269 367 348 414 delatae
366 374 427 413 aunt.
462 367 570 414 Omnia'
563 382 587 412 ιιι
606 374 728 428 conspectu
745 363 849 417 Cartba-

171 431 234 493 ginis
244 439 320 478 erant:
340 433 415 492 itaque
425 445 454 478 ex
465 431 513 478 toti
524 433 612 478 urbem
621 431 695 477 sorum
708 440 847 483 conduratam

171 503 215 544 eat.
251 495 401 558 Magistratus
417 504 519 543 senatum
530 512 617 550 vocare,
628 495 741 558 populus
734 510 759 540 m
772 495 848 544 ouriae

172 561 283 608 vestibulo
293 561 395 614 fremere,
405 576 434 608 ne
441 569 503 608 tanta
510 576 540 607 ex
548 563 619 608 oculis
625 561 771 637 manibusque¹
776 559 849 606 amit-

172 632 258 672 teretur
268 625 350 687 praeda.
386 624 447 674 Cum
458 627 547 686 quidam
557 628 618 687 pacis
627 626 711 687 petitae,
724 625 762 670 alii
776 623 848 670 indu·

173 690 258 738 ciarum
270 691 376 754 (necdum
385 685 444 737 enim
455 691 503 738 dies
513 688 608 750 suderat)
618 689 686 736 iidem
696 696 846 751 opponerent,

172 756 284 816 permixto
295 769 360 816 paene
369 756 459 802 senatis
466 756 586 817 populique
593 755 695 807 concilio,
708 768 846 800 consensius

172 827 215 873 est,
227 826 254 865 ut
266 821 337 866 classe
353 821 515 882 quinquaginta
528 821 619 866 narium
636 817 765 866 Hasdrubal
774 818 846 879 AEgi·

173 898 263 930 murum
274 886 397 947 trajiceret:
416 885 467 932 inde
477 901 517 946 per
526 885 592 931 litora
602 892 724 946 portruque
733 883 846 944 dispersas

174 947 291 995 Romanas
302 964 370 995 naves
378 949 500 1010 colligeret.
535 947 641 995 Desertae
650 947 707 1010 iugi
716 956 844 1023 nautarum,

173 1013 270 1074 primum
281 1015 308 1060 ab
318 1013 448 1076 AEgimuro,
460 1015 512 1060 dein
526 1015 555 1060 ab
565 1015 646 1074 Aquis,
665 1013 775 1059 onerante
783 1009 847 1060 car-

173 1077 288 1140 thaginem
299 1079 409 1140 puppibus
419 1085 499 1124 tractre
510 1085 571 1124 sunt.

188 1141 295 1188 XXV.
321 1142 429 1189 Nondum
451 1150 589 1189 reverterant
609 1144 637 1190 ab
655 1139 732 1188 Romi
757 1141 846 1202 legati;

174 1220 247 1266 neque
258 1207 372 1260 sciebatur,
390 1222 442 1267 quae
460 1207 551 1254 muntiis
566 1207 665 1253 Romani
684 1207 713 1252 de
729 1206 789 1253 bello
800 1214 846 1270 aut

173 1283 228 1332 pace
236 1272 346 1319 sententia
353 1280 427 1329 esset3
420 1271 534 1318 necdum
541 1271 678 1318 induciarum
687 1271 734 1316 dies
742 1254 844 1317 meiat:

173 1349 202 1381 eo
211 1335 359 1396 indigniorem
370 1337 474 1397 injuriam
485 1342 546 1382 ratus
557 1335 638 1397 Scipio,
656 1336 683 1382 ab
699 1335 733 1388 iis,
751 1336 791 1396 qui
806 1351 846 1397 pe-

172 1399 261 1447 tiissent
272 1415 349 1462 pacem
361 1407 383 1446 et
393 1399 499 1454 inducias,
511 1409 535 1447 et
546 1415 608 1462 spem
617 1401 679 1461 pacis
694 1406 718 1446 et
730 1399 800 1446 iidem
810 1400 847 1446 iu-

174 1465 288 1511 duciarum
310 1465 415 1511 violatam
437 1479 493 1518 esse,
513 1465 601 1526 legatos
620 1463 791 1526 carthaginem,
815 1463 844 1510 1.

175 1527 286 1583 Baebium,
304 1528 332 1574 L.
344 1530 456 1592 Sergium,
477 1529 506 1575 1.
521 1529 615 1576 Fabium
633 1529 747 1590 extemplo
766 1529 843 1576 misit:

173 1594 219 1655 qui,
234 1609 286 1640 cum
296 1594 444 1640 multitudiuis
459 1608 570 1640 concursu
583 1609 653 1655 prope
669 1593 747 1640 violati
761 1602 845 1655 easept,

175 1673 217 1704 neo
230 1658 325 1704 reditum
341 1659 446 1705 tutiorem
461 1666 578 1705 cernerent
588 1658 696 1711 futurum,
708 1659 848 1719 petierunta

174 1723 346 1784 magistratibus,
362 1737 457 1783 quorum
472 1723 555 1770 auxilio
571 1724 606 1769 vis
622 1723 733 1784 prohibita
748 1730 806 1776 erat,
823 1730 846 1770 ut

175 1802 244 1834 naves
255 1788 375 1842 mitterent,
387 1803 438 1848 quae
455 1803 481 1834 se
494 1795 687 1849 prosequerentur.
723 1786 795 1835 Datae
805 1789 847 1834 tri·

175 1867 248 1900 remes
259 1852 317 1906 duae,
330 1867 381 1898 cum
398 1853 425 1898 ad
437 1851 565 1914 Bagradam
582 1851 665 1898 flumen
681 1853 844 1914 pervenissent,

175 1917 235 1964 unde
251 1923 323 1964 castra
338 1917 443 1964 Romana
461 1917 658 1978 conspiciebantur,

175 1979 267 2028 rediere.
304 1979 389 2030 Classis
404 1981 491 2028 Punica
505 1983 533 2027 ad
545 1981 637 2028 Uticam
646 1982 769 2029 stationem
780 1983 846 2031 baba-

174 2047 226 2093 batt
245 2060 274 2093 ex
285 2043 312 2092 ei
322 2052 368 2092 tres
378 2046 535 2107 quadriremes,
551 2061 590 2092 sen
603 2047 661 2092 clam
674 2045 745 2094 misso
760 2062 775 2092 a
789 2044 847 2096 cn-

175 2110 268 2172 thagine
282 2112 368 2163 nuntio,
386 2111 418 2156 uti
432 2110 503 2165 fieret,
519 2127 559 2157 seu
570 2109 719 2163 Hasdrubale,
731 2111 771 2172 qui
781 2111 846 2159 elaad

174 2181 276 2236 praeerst,
290 2175 337 2220 sine
347 2172 435 2235 publici
444 2174 521 2222 fraude
537 2191 591 2222 auso
605 2174 698 2228 facinus,
711 2176 847 2236 quinquere-

175 2253 235 2284 mem
244 2238 371 2284 Romanam
382 2247 523 2300 superantem
530 2240 708 2302 promontorium
715 2255 746 2286 ex
754 2241 846 2290 altore-

174 2309 242 2362 pente
252 2315 367 2361 aggressae
378 2311 444 2350 sunt:
465 2304 505 2350 sed
520 2319 593 2364 neque
608 2311 681 2350 rostro
691 2303 759 2352 ferire
768 2304 847 2352 celeri·

174 2371 222 2410 tate
232 2364 416 2412 subterlabentem
426 2375 538 2429 poteraut,
550 2382 623 2428 neque
638 2369 750 2415 transilire
766 2368 845 2419 armati
911 2360 912 2369 Χ

175 2441 205 2472 ex
215 2427 386 2475 humilioribus
381 2445 404 2476 ιιι
422 2432 523 2478 altiorem
538 2447 634 2479 navem:
653 2438 677 2478 et
687 2431 846 2482 defendemur

175 2489 273 2566 egregie,
283 2493 355 2550 quoad
366 2494 410 2543 tels
419 2494 601 2557 suppeditirunt:
614 2496 677 2556 queis
684 2495 844 2548 deridentibus

175 2566 227 2598 cum
233 2554 282 2614 jam
293 2555 406 2604 uullrralia
363 2559 519 2613 ιιιιιιιιιιιιι,
531 2560 844 2622 quamproprnqn'usturae.

176 2567 845 2715 multitudoqueacastrisinliauetiiwuaripomimeq
911 2664 912 2671 ,
