1850 2917
298 507 339 575 T.
354 503 472 574 LIVII
494 506 721 577 PATAVINI
791 498 799 542 3

239 713 244 738 .
274 693 380 743 nmen
396 693 584 745 vrcnsrmus
601 673 747 746 snmus·

214 969 234 1019 I.
254 969 301 1021 Cu.
314 970 407 1020 Fulvius
421 969 574 1028 Centumalus,
592 973 619 1020 Ρ.
634 972 743 1036 Sulpicius
759 974 845 1029 Gelbe,

180 1037 296 1090 consulens
307 1052 357 1084 cum
376 1037 446 1084 idibus
465 1037 554 1084 Martiis
568 1039 722 1100 magistratum
738 1038 843 1093 inissent,

180 1107 258 1148 senatu
268 1101 292 1146 in
303 1098 437 1162 Capitolium
448 1109 534 1156 roceto,
551 1103 578 1148 de
594 1100 709 1164 republicis,
726 1101 756 1147 de
769 1102 844 1148 urimi-

180 1165 309 1212 nistrstione
318 1165 376 1220 belli,
394 1166 421 1211 de
430 1166 557 1226 provinciis,
571 1167 751 1227 exercitibusque.
761 1164 846 1214 Panes

181 1230 347 1276 consuluerunt.
383 1229 414 1284 Q.
427 1229 515 1283 Fulvio,
528 1230 572 1306 Ap.
587 1229 687 1285 claudio,
698 1230 778 1292 prioris
788 1232 845 1277 anni

180 1293 314 1347 consulibus,
331 1295 490 1356 prorogatum'
484 1295 599 1356 imperium
610 1301 660 1352 est;
675 1302 743 1356 etque
756 1295 846 1341 exerei-

181 1363 225 1410 tus,
243 1373 298 1418 quos
308 1357 421 1410 habebunt,
439 1357 533 1405 decreti
552 1329 711 1421 edjectunique,
728 1373 756 1405 ne
769 1373 784 1404 a
795 1356 846 1407 Cu·

180 1418 232 1484 puri,
252 1435 319 1482 quum
337 1422 471 1475 obsidebunt,
490 1422 638 1498 abscederent,
655 1423 782 1484 priusquam
801 1438 845 1470 ex·

180 1484 326 1608 pprguissent.
360 1485 397 1534 Es
412 1494 459 1532 tum
474 1501 528 1533 curn
537 1501 633 1534 munrne
641 1487 738 1533 intentos
748 1487 845 1535 habebnt

221 1566 313 1598 manos·
331 1565 376 1597 ιιοιι
391 1550 418 1597 eb
432 1547 466 1596 irt
482 1557 643 1612 tantumstqure
659 1551 682 1597 in
699 1551 782 1597 nuliam
799 1566 844 1598 un-

181 1630 247 1676 quam
258 1615 369 1662 civitutem
375 1613 457 1676 justior
466 1613 516 1669 nris,
531 1629 597 1676 quum
607 1616 667 1676 quod
677 1616 728 1662 urbs
738 1620 785 1661 tarn
800 1630 844 1663 no-

180 1679 231 1726 bilis
246 1693 272 1725 ee
285 1686 371 1740 potens,
375 1631 445 1724 Jsicut
456 1679 578 1725 defectione
592 1677 633 1726 sui
646 1687 743 1726 traxerat
757 1680 845 1741 aliquot

180 1743 282 1806 populos,
298 1743 329 1788 ite
345 1749 432 1818 receptu
446 1743 577 1789 inclinatum
589 1758 665 1790 rursus
679 1744 765 1789 animos
778 1745 845 1791 ride-

181 1807 246 1854 betur
262 1806 290 1854 sd
304 1807 386 1852 veteris
398 1805 484 1868 imperii
498 1813 628 1868 respectum.
663 1806 696 1854 Et
711 1809 845 1868 praetnribus

180 1872 260 1934 prioris
276 1871 335 1923 enni,
353 1869 389 1916 M.
402 1868 489 1917 Junro
483 1886 506 1916 ιιι
517 1869 614 1924 Etrurii,
634 1869 661 1917 P.
675 1871 825 1932 Sempronio
818 1887 844 1922 m

181 1935 262 1990 Gellii,
280 1951 331 1982 cum
341 1933 397 1981 binis
408 1935 538 1997 legiomtus,
554 1949 609 1995 quss
618 1935 745 1988 hrbrrerunt,
762 1951 845 1997 proro-

175 2007 258 2064 gutum
270 2001 320 2046 est
314 2015 372 2060 rm
373 1999 436 2046 rium.
472 1997 620 2059 Prorogatum
635 2007 658 2045 et
673 1999 710 2044 M.
723 1998 844 2057 Marcello,

180 2071 207 2110 ut
217 2080 257 2126 pro
268 2064 392 2110 consulein
404 2059 479 2109 sieilia
488 2060 628 2122 reliqusbelli
638 2062 752 2124 perficeret
762 2079 790 2110 eo
801 2080 844 2113 ex·

145 2161 154 2176 .
180 2129 257 2180 ercitu,
277 2142 343 2189 quem
365 2127 468 2173 heberet:
493 2126 511 2171 si
530 2127 682 2187 supplemmto
700 2142 756 2189 opus
774 2137 844 2185 esser,

180 2193 294 2268 suppleret
304 2192 331 2238 de
340 2191 471 2252 legionibus,
484 2189 564 2250 qurisus
575 2189 602 2237 P.
617 2143 734 2238 Cornelius
743 2207 846 2255 propne-

180 2257 250 2304 torm
262 2253 335 2303 Sicilie
345 2262 465 2316 praeesset3
481 2253 534 2300 dum
545 2269 649 2330 nequem
656 2256 749 2302 militem
756 2256 845 2318 legeret

180 2335 211 2369 ex
221 2336 248 2368 eo
259 2334 358 2372 numero,
375 2319 453 2396 quibus
464 2326 553 2365 senatus
567 2319 694 2366 missionem
704 2319 846 2383 reditumque

179 2386 203 2433 in
219 2385 312 2448 petriam
329 2381 433 2444 negasset
449 2390 501 2429 unte
515 2383 567 2429 beili
582 2381 657 2429 finem.
692 2381 721 2431 0.
735 2383 844 2445 Sulpicio,

180 2465 217 2497 cur
209 2449 303 2496 'Sicilie
312 2453 422 2500 evenerat,
434 2446 486 2493 duae
495 2447 602 2509 legiones,
614 2461 669 2507 quus
679 2445 707 2492 P
722 2444 845 2498 Cornelius

178 2514 296 2565 habuisset,
308 2511 413 2558 deoretae:
432 2517 456 2557 et
463 2511 639 2572 supplementum
648 2510 675 2557 de
685 2511 784 2559 exercitu
793 2510 840 2561 Cn.

177 2575 259 2630 Fulvii,
275 2575 314 2636 qui
327 2575 400 2637 priore
411 2588 471 2620 unno
482 2575 506 2620 in
524 2573 607 2636 Apulia
620 2574 681 2621 funde
694 2589 766 2622 cresus
776 2575 844 2640 firge-

176 2647 257 2702 tusque
272 2645 326 2688 erut.
362 2637 424 2686 Huic
434 2639 511 2704 generi
521 2639 616 2688 miiitum
626 2645 717 2689 senatus
727 2641 840 2698 eumdem,
