1850 2917
174 139 222 191 ’ω
276 140 307 191 Τ.
321 139 409 191 1,1v11
425 140 478 190 Ln-
492 140 602 189 XXVII.
621 139 681 191 Cer.
694 144 735 189 tl.

175 270 429 333 queplebeiclaulium
444 270 534 325 iecerat,
552 271 635 333 etjam
651 270 680 318 «le
694 268 789 333 imperio
804 270 844 319 ab·

88 355 91 367 ¹
176 337 339 399 rogmdoejus
355 338 449 399 agebatz
469 333 844 383 cumtamennecessariiclmdii

176 400 327 455 obnnuerunt,
344 409 377 455 ιιι,
394 401 472 447 relicto
489 400 596 447 Venusiae
615 400 698 462 legato,
720 399 845 447 Marcellus

176 464 275 513 Romam
294 466 375 513 rediret
384 466 412 512 ad
422 466 537 527 purganda
552 480 586 518 ea,
603 480 654 526 quae
668 463 752 511 inimici
766 464 845 511 decer-

176 538 256 577 nerent
261 547 270 588 3
287 545 329 577 nec
339 531 367 577 de
376 531 469 591 imperio
480 532 528 593 ejus
538 529 672 591 abrogando,
685 530 776 575 absente
786 530 843 590 ipso,

175 603 286 657 agaetun
321 594 391 641 Forte
403 595 444 640 sub
458 595 518 641 idem
536 606 623 656 tempus
639 602 662 640 et
677 592 846 640 Marcellano

176 659 335 721 depmoandam
345 660 498 721 ignominiam,
510 666 534 705 et
545 658 576 712 Q„
587 658 681 705 Fulvius
692 658 771 705 consul
781 672 846 705 oom-

175 724 266 771 iticrum
277 722 344 771 causi
351 724 449 770 Romam
460 724 529 772 venit

211 788 284 835 XXL
303 789 387 835 Actum
404 788 432 835 de
444 787 537 849 imperio
552 788 656 834 Marcelli
673 788 697 832 in
712 784 780 834 Circo
792 785 847 835 Fla·

175 853 245 899 minio
256 860 297 907 est,
309 853 395 916 ingenti
410 868 520 899 concursu
535 853 647 914 plebisque
661 860 684 898 et
695 852 796 897 omnium
807 868 846 897 or-

177 918 262 963 dinum·
297 917 463 978 Accusavitque
479 917 580 963 tribunus
595 915 671 977 plebia,
687 930 733 962 non
745 916 847 963 Marcel-

176 982 225 1027 lum
235 981 309 1034 modo,
322 982 361 1028 sed
369 997 458 1028 omnam
467 982 603 1028 nobilitatem
613 999 618 1027 :
640 988 655 1011 “
667 980 755 1027 Fraude
765 996 848 1027 eorum

175 1052 201 1092 et
211 1046 352 1093 cunctatione
361 1045 415 1099 fieri,
428 1055 453 1093 ut
462 1046 577 1093 Hannibal
587 1045 696 1093 decimum
703 1046 751 1105 jam
760 1060 847 1091 umam

178 1106 267 1157 Italiam
277 1111 413 1172 ριονὶιιοίιιιι
421 1112 500 1157 babeat
506 1128 514 1168 ;
531 1110 612 1157 diutius
622 1111 658 1164 ibi,
671 1124 737 1169 quam
749 1108 848 1157 Cartba-

178 1174 239 1236 gine,
246 1175 335 1223 vixerit.
365 1174 455 1222 Habere
463 1175 560 1223 fructum
567 1176 652 1237 imperii
658 1174 772 1236 prorogati
780 1173 849 1221 Mar·

177 1239 234 1285 cello
245 1240 350 1301 populum
359 1240 504 1286 Romanum:
522 1241 556 1286 bis
566 1254 650 1286 caesum
661 1238 784 1285 exercitum
799 1240 849 1300 eJus

176 1304 256 1349 aestiva
274 1304 382 1350 Venusiae
400 1306 442 1352 sub
459 1305 525 1351 tectis
541 1303 635 1366 agere.”
674 1301 743 1349 Hanc
763 1302 848 1349 triburi

176 1368 300 1415 orationem
308 1368 340 1415 ita
347 1370 420 1415 obmit
426 1369 549 1416 Marcellus
554 1368 765 1415 commemoratione
771 1382 848 1415 rerum

177 1446 275 1487 ιιιιιιιιιι,
287 1440 368 1479 utnon
379 1433 466 1495 rogatio
478 1434 550 1479 solum
566 1433 594 1480 de
609 1432 701 1494 imperio
718 1433 766 1494 ejus
780 1432 848 1479 abro-

92 1530 102 1543 .
176 1497 252 1559 gando
261 1498 420 1559 antiquaretur,
432 1498 472 1544 sed
481 1506 571 1561 postero
582 1498 617 1545 die
627 1496 741 1543 consulem
749 1512 803 1543 eum
811 1497 848 1543 in-

175 1561 848 1689 wll„tt‘lletlffitsssselllt‘

177 1688 274 1737 Postero
281 1691 430 1751 dieptaetores
437 1692 505 1738 creati
514 1690 541 1738 Ρ.
552 1690 652 1737 Licinius
661 1689 758 1738 Crassus
762 1688 846 1745 Dives,

176 1754 278 1815 pontifex
297 1756 413 1808 maximus,
433 1754 461 1802 P.
478 1754 578 1802 Licinius
597 1754 679 1808 Varus,
701 1755 754 1801 Sex.
769 1754 847 1802 Julius

177 1815 265 1874 Caesar,
281 1819 313 1873 Q,
327 1817 434 1867 claudian
449 1820 550 1867 Flamen.
586 1817 736 1867 comitiorum
746 1820 847 1879 ipsorum

177 1881 255 1930 (liebus
273 1884 366 1930 sollicita
384 1885 462 1931 civim
481 1884 509 1931 de
528 1884 628 1931 Etruriae
649 1883 774 1930 defectione
794 1883 844 1931 fuit·

178 1945 317 2010 Principium
328 1950 375 2010 ejus
388 1950 419 1995 rei
434 1950 462 1995 ab
473 1948 583 1995 Arretinis
598 1948 652 2001 fieri,
669 1946 697 1997 C·
711 1946 848 2009 Calpurnius

177 2013 300 2075 scripserat,
312 2012 350 2074 qui
360 2028 410 2059 eam
420 2014 556 2076 provinciam
567 2028 608 2075 pro
618 2019 714 2074 praetore
725 2013 845 2061 obtinebat

177 2075 381 2137 Itaqueconfectim
389 2079 506 2124 eomissus
514 2077 643 2130 Marcellus,
656 2077 849 2137 consuldesigna-

176 2146 221 2193 tus,
231 2141 268 2202 qui
276 2156 323 2187 rem
331 2142 456 2203 inspiceret,
468 2158 501 2195 ac,
514 2143 532 2187 si
541 2142 608 2205 digna
616 2141 735 2194 videretur,
747 2141 849 2188 aercitu

176 2205 256 2258 accito,
267 2205 350 2251 bellum
357 2205 476 2269 exApuliai
485 2207 509 2254 in
517 2206 631 2253 Etruriam
642 2204 778 2253 transferret.
808 2205 848 2253 Eo
915 2242 916 2249 ,

176 2276 239 2315 metu
253 2270 374 2331 compressi
389 2269 482 2318 Etrusci
499 2272 637 2333 quieverunt.
672 2269 847 2317 Tarentinorum

175 2333 256 2394 legatis
266 2348 343 2394 paean
353 2336 478 2395 petentssiua
489 2351 540 2383 cum
551 2336 651 2383 libertate
660 2351 686 2382 ac
696 2335 783 2399 legibus
799 2336 847 2383 suis

176 2410 308 2458 responsum
316 2399 343 2444 ab
353 2407 431 2446 senatu
439 2409 480 2455 eat,
491 2410 516 2447 ut
525 2401 627 2454 redirent,
640 2415 691 2446 cum
700 2400 783 2447 Fabius
790 2415 846 2447 con·

177 2460 213 2506 sul
223 2460 322 2507 Romam
332 2463 437 2511 venisset.
472 2465 532 2513 Ludi
543 2473 565 2512 et
580 2465 678 2513 Βοιιιιιιί
695 2472 719 2513 ct
729 2465 807 2527 plebeii
818 2480 846 2513 eo

176 2537 237 2570 anno
247 2525 270 2569 in
279 2525 379 2586 singulos
386 2528 433 2575 dies
440 2529 563 2577 instaurati.
590 2529 679 2576 AEdiles
687 2530 776 2579 curules
782 2527 846 2577 fratre

177 2584 337 2663 Iutcomelius
348 2589 463 2641 Caudinae
474 2602 498 2643 et
509 2595 556 2644 Ser·
569 2594 680 2657 Sulpicius
692 2595 779 2643 Galba:
797 2594 846 2657 ple-
913 2648 914 2655 ἵ

176 2651 219 2699 ber
230 2650 258 2703 C.
270 2654 377 2704 &nilus
384 2664 408 2705 et
419 2657 451 2714 Q„
462 2657 569 2710 Caeoilius
580 2659 695 2708 Metellus.
725 2658 845 2710 Servilium
