1850 2917
187 173 235 229 tm
290 180 421 229 T.L1V11
438 170 491 228 L...
505 173 616 229 xxvn.
637 178 695 229 cir.
705 172 754 247 'ss'

179 312 265 373 publica
281 317 347 358 esset.
383 310 411 360 C.
424 310 514 357 Neroni
529 324 601 372 neque
617 302 650 365 Q.
664 309 757 357 Fuluium
777 306 849 371 neque

179 376 216 423 M.
226 377 341 423 Valerium
353 375 472 423 Laevinum
484 376 530 423 dari
541 376 638 438 collegas
648 387 720 438 posse,
733 376 786 435 quis
792 376 849 422 duos

178 441 281 503 patricios
297 442 367 488 creari
382 455 427 487 non
442 440 532 487 liceret:
554 440 654 487 eumdem
670 448 759 487 causum
777 440 800 485 ln
816 440 846 487 T.

178 504 267 553 Manlio
286 520 341 559 esse,
361 512 510 569 preterquam
529 505 590 567 quod
608 502 731 553 remstsset
750 505 847 551 delutum

177 571 324 623 consulatum,
347 579 533 630 recusaturusque
554 578 619 617 esset.
659 569 787 632 Egregium
808 582 849 631 per

177 636 294 681 consulum
310 635 365 688 iore,
387 636 404 681 si
422 634 457 681 M.
473 633 563 681 Livium
581 633 610 682 C.
625 632 720 682 Claudio
735 631 847 697 collegam

176 699 357 762 adjunxissent?
389 698 441 747 Nee
454 700 549 761 populus
560 700 696 745 mentionem
707 700 755 761 ejus
767 700 800 745 rei
811 712 848 745 or·

176 772 222 811 turn
237 781 251 811 u
266 764 369 811 Patruitus
384 771 418 811 est
432 765 583 826 adspernatus.
620 762 688 809 Unus
702 778 751 809 enm
763 770 812 810 tem
823 765 847 811 ln

176 829 266 876 civitate
276 831 303 882 is,
315 830 351 876 cui
362 830 500 876 deferebatur
510 830 588 882 honos,
602 829 716 881 abnuebat,
731 829 848 875 levitatem

175 894 271 940 civitatis
281 908 399 940 scensms:
418 900 433 923 ‘⁴
441 894 551 941 Sordidsti
562 894 594 939 rei
604 906 650 938 non
660 890 780 946 miseritos,
793 900 848 941 cun*-

175 957 248 1003 didam
260 965 337 1019 togam
348 958 419 1004 invito
427 956 517 1005 offerre:
533 959 611 1005 eodem
620 959 715 1004 honores
723 966 849 1019 prenesq'u'e

175 1023 273 1082 congeri.
301 1023 326 1069 Si
334 1024 417 1069 bonum
425 1024 498 1069 virum
507 1023 618 1075 ducerent,
631 1022 684 1083 quid
692 1023 723 1068 lta
733 1034 774 1083 pro
786 1024 848 1071 mulo

174 1100 200 1133 sc
211 1087 279 1132 noxio
291 1085 451 1133 domuissent?
468 1088 487 1133 si
501 1088 593 1133 noxium
608 1087 775 1148 comperissent,
792 1088 848 1147 quid

173 1150 211 1203 its,
221 1152 279 1198 male
287 1150 370 1197 credito
378 1152 451 1214 priore
458 1152 582 1204 consulatu,
592 1152 685 1197 alterum
694 1151 811 1197 crederent
815 1151 846 1197 ?”

174 1214 235 1261 Haec
255 1216 349 1276 tuisque
366 1223 497 1278 arguentem
517 1222 539 1263 et
558 1222 685 1277 querentem
704 1216 847 1277 castigabant

173 1278 253 1326 Patres
260 1296 268 1336 ς
286 1287 302 1309 “
310 1288 333 1327 et
344 1280 380 1326 M.
390 1280 509 1334 Furium,”
521 1286 676 1333 memorantes,
690 1286 846 1327 “mocumm

172 1343 201 1390 (le
215 1344 300 1398 exsilio,
316 1345 408 1407 patrium
423 1346 509 1407 pulsnm
525 1346 576 1392 sede
590 1342 630 1391 sui
641 1346 770 1391 restituisse.
808 1345 846 1393 Ut

171 1417 288 1471 parentum
304 1410 420 1464 sserltism,
439 1411 471 1457 sic
487 1411 570 1471 purte,
587 1409 691 1471 patiendo
706 1424 732 1455 ao
748 1408 844 1457 serendo

164 1472 296 1526 «leniendam
315 1473 391 1522 esse”
424 1475 506 1521 Annisi
525 1488 609 1528 omnes,
630 1489 681 1521 cum
699 1472 728 1523 C.
746 1472 845 1522 Claudio

171 1537 209 1585 M.
221 1536 312 1585 Livium
323 1540 437 1586 consulem
447 1540 556 1586 iecerunt.

205 1599 313 1650 XXXV.
336 1604 393 1651 Post
408 1605 467 1650 diem
482 1606 572 1651 tertium
588 1605 636 1667 ejus
650 1603 700 1657 (liei,
717 1609 843 1665 pretorium

171 1668 261 1714 comitia
270 1669 350 1715 hibita.
387 1668 499 1715 Prtetores
514 1671 580 1717 creati
592 1668 620 1715 L.
633 1667 726 1715 Porcius
738 1664 841 1723 Licinus,

172 1729 200 1779 C.
215 1731 337 1785 Mamilius,
356 1732 386 1779 A.
400 1742 423 1779 et
438 1733 467 1781 C.
482 1732 576 1780 Hostilii
592 1732 699 1781 Catones.
735 1731 843 1781 Comitiis

170 1794 281 1857 perlectis,
293 1798 394 1858 ludisque
403 1796 475 1851 lectis,
488 1798 581 1845 dictator
591 1806 614 1844 et
624 1798 731 1859 magister
738 1799 842 1858 equitum

169 1862 301 1923 mugistrstu
317 1863 425 1909 abierunt.
461 1860 489 1911 O.
503 1862 622 1910 Terentius
637 1862 711 1909 Vsrro
727 1864 750 1908 in
767 1862 842 1909 Etru-

169 1925 225 1972 riam
235 1935 359 1989 propretor
369 1928 456 1981 missus,
474 1932 499 1973 ut
513 1942 542 1973 ex
554 1926 581 1974 ei
590 1921 704 1989 provincii
716 1925 744 1974 C.
756 1926 843 1974 Hosti-

168 1990 212 2037 llns
223 1990 347 2038 Tarentum
358 1993 386 2039 sd
393 2006 445 2039 eum
453 1993 575 2039 exercitum
587 1992 635 2046 iret,
648 2004 714 2052 quem
723 1991 753 2037 T.
764 1990 841 2045 Quin-

168 2054 213 2101 tius
224 2057 302 2103 consul
312 2058 427 2104 habueratt
447 2064 470 2103 et
481 2054 510 2103 L.
522 2056 622 2103 Manlius
632 2064 693 2103 trans
704 2068 765 2103 mure
774 2057 840 2119 lega-

167 2125 204 2164 tus
220 2118 269 2173 iret,
286 2121 418 2182 viseretque,
436 2136 487 2182 quae
502 2137 537 2168 res
551 2122 580 2167 ibi
595 2128 739 2183 gererentur:
762 2121 837 2175 simul,

167 2183 227 2242 quod
238 2183 351 2247 Olympise
360 2186 471 2232 ludicrum
482 2184 508 2233 ei
519 2186 702 2233 aestatefuturum
710 2194 764 2241 erat,
776 2188 839 2248 quod

167 2247 265 2293 maximo
280 2257 341 2294 ooetu
358 2250 455 2297 Graeciae
472 2251 624 2305 celebraretur,
645 2258 677 2305 ut,
695 2252 714 2297 si
730 2258 780 2297 tuto
796 2266 839 2313 per

166 2311 253 2356 hostem
272 2319 355 2373 posset,
375 2314 445 2360 odiret
463 2315 487 2361 id
503 2316 637 2375 concilium
659 2322 690 2368 ut,
711 2316 749 2377 qui
766 2314 837 2362 Siculi

165 2374 223 2419 bello
234 2374 263 2420 ibi
273 2375 370 2438 profugi,
382 2385 421 2424 sut
430 2378 547 2426 Tarentini
558 2381 618 2427 cives
629 2380 720 2441 relegati
731 2380 759 2427 sb
767 2376 837 2425 Han·

165 2436 238 2483 nmale
247 2444 329 2492 essent,
342 2440 420 2487 domos
432 2443 535 2498 redirent,
552 2445 683 2504 scirentque,
700 2451 740 2490 sus
750 2444 834 2498 omnis,

164 2512 216 2559 quae
226 2505 278 2547 unte
287 2504 369 2549 bellum
381 2506 515 2561 habuissent,
530 2508 620 2555 reddere
629 2509 735 2570 populum
747 2504 836 2555 Roma-

164 2577 226 2610 nurn.
262 2564 323 2619 Quis
337 2568 537 2629 periculosissimus
553 2577 624 2619 annus
640 2573 756 2619 imminere
771 2572 837 2619 vide·

162 2627 234 2703 betur,
251 2643 324 2691 neque
338 2635 441 2680 consules
454 2636 478 2681 in
490 2636 600 2698 repubilcd
610 2644 679 2689 erant,
694 2638 718 2682 in
729 2637 836 2688 eonsules

163 2690 291 2755 magnatos
303 2710 381 2745 omues
391 2700 456 2755 versi,
469 2716 535 2761 quum
546 2702 642 2764 primum
653 2711 691 2749 eos
700 2701 772 2747 sortiri
781 2716 837 2763 pro·
