1850 2917
189 133 387 185 ttinvtslbm
401 136 513 185 XXVII·
533 136 592 187 cm.
606 140 645 187 51.
703 140 751 186 m

66 289 70 297 ·
88 265 186 327 fimum:
204 265 235 313 ad
244 264 358 313 mnrium
369 269 537 328 risquepnnteai
547 268 663 314 contineris
670 277 752 330 agmen

88 331 196 391 parmis
230 328 313 391 legari
327 330 447 393 (erant-12·
459 330 568 377 Veturius
580 330 653 385 Philo,
670 331 698 378 Ρ.
712 332 753 378 Li.

87 395 157 441 tinius
168 394 254 447 Varus,
271 394 304 447 Q.
316 393 422 443 caunas
431 393 552 455 Metellus)
563 396 689 442 dmmriusi
703 412 752 443 om·

85 459 120 505 h's
137 459 230 520 gweris
248 460 363 507 bominum
378 458 501 520 frequentii
516 461 539 505 in
555 459 629 505 forum
645 474 752 524 penetra

85 531 152 580 runt;
169 528 223 569 ctmr
240 524 276 570 alii
290 524 358 586 ipsos,
374 525 411 570 alii
424 525 518 571 comites
533 540 618 577 eorum,
635 540 685 585 quoe
702 532 752 571 aeta

84 594 167 640 essent,
175 596 373 648 percontarentur3
389 595 419 641 et,
431 597 457 633 ut
467 590 559 649 quisque
567 588 670 643 audierat,
689 603 754 635 exer-

84 652 153 697 citum
161 652 260 698 hostium
272 654 471 714 imperatoremque
479 654 583 706 occisum,
595 654 695 714 legiones
702 652 753 699 Ro-

84 730 162 763 manas
172 716 302 767 incolumes,
315 718 389 763 salvos
400 717 502 763 consules
513 732 569 770 esse,
582 719 694 778 extemplo
704 717 752 763 aliis

82 795 150 841 porro
169 780 324 841 impertiebant
341 782 447 841 gaudium
464 796 536 827 suum.
572 780 632 829 Cum
649 798 711 843 aegre
727 782 751 827 in

82 846 167 891 curiam
176 854 308 905 perventum
319 853 384 898 esset,
394 846 465 894 mrrlto
474 846 556 907 aegrius
568 844 669 893 submoti
679 843 751 899 turbis,

82 924 111 955 ne
122 908 229 955 Patribus
237 910 372 961 misceretur,
381 910 452 956 literae
460 910 483 955 in
492 916 568 955 senatu
577 910 674 957 recitatae
682 918 748 956 sunt:

82 974 135 1019 inde
149 974 253 1035 producti
267 974 291 1019 ia
305 975 435 1020 concionem
446 974 521 1034 legati.
556 973 585 1019 L.
596 973 711 1028 Veturius,
724 975 751 1021 li-

84 1038 136 1083 teris
155 1037 260 1090 recitatis,
278 1039 325 1099 ipse
342 1039 429 1099 planius
447 1039 528 1092 omnia,
545 1054 595 1098 quae
612 1044 661 1085 acta
680 1046 749 1092 erant,

83 1103 188 1163 exposuit
202 1117 254 1148 cum
268 1103 355 1163 ingmti
370 1117 468 1155 assensis,
492 1110 604 1163 postremo
622 1104 688 1149 etiarn
704 1104 750 1150 cla-

83 1181 146 1212 more
164 1166 277 1211 universae
293 1167 413 1219 concionis,
430 1181 482 1212 curn
499 1167 538 1212 vix
552 1168 657 1227 gaudium
671 1168 750 1213 animis

82 1237 195 1292 caperent.
215 1227 653 1292 Discursumindeabalriscircatempla
663 1231 748 1285 Derim,
807 1284 811 1301 Ι

82 1301 106 1340 ut
122 1301 202 1356 grates
219 1302 327 1368 agerent·
340 1297 371 1340 ab
380 1295 428 1341 aliis
438 1296 523 1349 domos,
541 1302 566 1341 ut
580 1296 712 1358 conjugibus
722 1296 750 1342 li·

81 1359 185 1419 berisque
199 1366 245 1404 tam
259 1329 336 1404 laetum
351 1359 453 1404 nuntium
466 1360 609 1420 impertirent.
646 1360 748 1414 Senams,

83 1424 142 1483 quod
161 1422 199 1468 Μ
217 1421 298 1468 Livius
311 1422 379 1471 etC
394 1421 501 1471 Claudius
518 1424 626 1477 consules,
643 1425 749 1471 incolumi
849 1448 857 1469 ι

81 1488 189 1539 exercitu,
199 1487 278 1533 ducem
289 1488 386 1533 bostium
396 1488 539 1548 legionesque
547 1488 684 1541 occidissent,
697 1503 750 1549 sup-

80 1552 224 1612 plicationem
236 1552 260 1595 in
271 1551 367 1597 triduum
378 1552 488 1598 decrerit:
507 1566 556 1597 eam
569 1552 748 1613 supplicationem
796 1544 802 1557 '

80 1614 109 1663 C·
121 1615 238 1661 Hostilius
246 1622 329 1676 praetor
336 1631 377 1676 pro
386 1617 494 1663 concione
505 1615 587 1673 edixit3
598 1617 749 1677 celebrataque

80 1680 157 1726 ariris
166 1679 301 1739 feminisque
314 1688 356 1725 est
391 1680 473 1727 Omnia
483 1680 564 1741 templa
574 1696 614 1742 per
625 1688 696 1727 totum
709 1682 748 1727 tri-

81 1743 148 1790 duum
167 1744 277 1804 aequalem
291 1745 377 1790 turbam
390 1743 499 1791 babudre:
518 1760 569 1791 cum
580 1752 687 1792 matronae
698 1760 745 1793 am-

80 1805 180 1868 piissima
196 1816 261 1853 veste
275 1824 326 1854 cum
341 1809 420 1862 liberis,
438 1809 528 1870 perinde
542 1824 567 1854 ac
582 1810 600 1854 si
617 1810 748 1856 debellatum

80 1870 145 1926 foret,
163 1873 227 1919 omni
245 1872 324 1919 solutae
339 1881 408 1926 metu,
426 1872 484 1919 Deis
499 1873 658 1921 immortalibus
672 1881 748 1933 grates

81 1944 180 1998 agerent.
217 1936 305 1983 Statum
316 1952 404 1997 quoque
413 1938 509 1983 civitatis
519 1952 545 1983 ea
559 1938 651 1983 victoria
661 1938 748 1995 movit;

81 2001 231 2063 utjaminde,
248 2001 307 2046 haud
321 2017 385 2048 secus
399 2017 465 2061 quam
480 2002 503 2046 in
519 2016 581 2062 pace,
598 2016 634 2046 res
651 2001 708 2047 inter
722 2017 748 2047 se

81 2066 220 2118 contrahere,
237 2064 359 2118 vendendo,
377 2066 478 2118 emendo,
496 2072 598 2111 mutuum
615 2065 694 2119 dando,
712 2080 748 2113 ar·

80 2137 175 2190 gentum
193 2128 301 2176 creditum
317 2130 431 2181 solvendo,
448 2129 561 2175 auderent.
597 2128 625 2177 C
636 2128 747 2178 Claudius

79 2196 158 2240 consul
178 2209 231 2239 cum
248 2194 272 2238 in
291 2202 363 2240 castra
381 2194 480 2245 redisset,
506 2201 572 2255 caput
587 2180 744 2249 Hasdrubalis,

78 2258 139 2333 quod
149 2265 264 2305 serratum
278 2272 329 2304 cum
342 2256 395 2304 cura
408 2259 519 2311 attulerat,
536 2260 613 2333 projici
627 2265 679 2305 ante
693 2261 746 2305 hos-

76 2322 135 2368 tium
150 2322 265 2376 stationes,
282 2323 424 2383 captivosque
437 2322 508 2369 Afros
522 2324 616 2375 vinctos,
633 2330 659 2367 ut
672 2331 744 2376 erant,

76 2386 174 2439 ostendi,
192 2386 249 2433 duos
258 2388 325 2433 etiam
336 2401 366 2433 ex
375 2387 402 2432 iis
413 2386 498 2433 solutos
508 2388 541 2432 ire
548 2387 575 2433 ad
586 2386 744 2440 Hannibalern,

76 2458 100 2497 et
119 2465 259 2513 expromere,
280 2465 331 2510 quse
349 2461 399 2497 aeta
417 2458 499 2503 esseut,
512 2450 586 2511 jussit.
622 2449 744 2503 Hannibal,

74 2515 220 2573 tantosimul
228 2515 316 2575 publico
324 2514 469 2574 familiarique
480 2516 537 2560 ictus
546 2514 616 2567 luctu,
634 2520 650 2542 ⁴‘
661 2523 745 2575 agnos-

73 2594 125 2629 oere
140 2594 166 2628 se
183 2578 296 2627 icaunam
311 2577 479 2641 Carthaginis,”
496 2577 566 2625 fertur
580 2577 675 2623 dixisse:
695 2591 744 2624 cas·
