1850 2917
181 154 216 205 20
299 152 328 205 T.
343 150 431 205 LIVII
448 154 502 205 Lm.
515 148 600 205 XXV.
620 148 680 207 Car.
695 152 732 205 li.

182 282 233 333 bem
252 286 343 334 eredere
361 293 465 334 eoonoi:
490 286 601 334 Romanii
617 286 697 335 tetiitlb
712 285 785 349 abacti
801 296 854 336 cunt

181 350 259 401 bande
275 352 344 401 videri
361 354 388 399 ab
403 352 517 414 oppidania
533 359 601 398 mota.
637 350 768 407 Praefectus,
780 354 855 416 primo

182 416 292 464 mutatus
306 418 409 470 tumultu,
426 418 449 461 in
463 422 553 477 portum
563 414 655 478 eiiirgit:
673 417 732 472 inde,
748 422 854 480 accepite

182 480 271 543 staphi,
289 483 312 527 in
327 496 400 528 arcem
414 480 592 527 circumvehitur.
627 480 748 528 Terrorem
763 488 786 529 et
800 484 856 529 nfra

181 546 257 607 audita
271 560 300 593 ex
316 547 402 592 theatro
416 545 522 591 faciebat:
545 559 597 591 nam
611 553 635 592 et
647 546 752 593 Romana
766 547 821 601 erat,
839 555 854 595 t

181 611 330 673 proditoribus
346 610 375 657 ad
391 610 434 655 hoc
447 611 521 672 iprum
534 618 671 671 praeparem
693 618 716 657 et
732 612 855 659 inscienter

181 682 196 722 la
211 676 294 723 Graeco
308 668 391 729 inflata,
409 676 466 735 quia,
483 682 522 720 aut
534 674 614 734 qurlrua
627 674 717 736 rignum
729 676 799 734 daret,
817 677 854 722 in·

181 748 268 787 certum
279 740 393 786 efficiebat.
427 739 473 785 Ubi
483 739 563 792 muria,
576 745 599 785 et
609 738 720 787 Romania
731 740 820 788 Punica
830 748 855 788 et

182 804 271 853 Gallica
281 818 342 851 arina
356 805 454 866 cognita,
468 810 517 850 tum
532 804 690 851 dubitationem
705 812 854 865 exeinercmt3

181 868 205 917 et
222 870 305 923 Graeci,
324 868 440 915 Romanoe
456 868 538 931 paasirn
554 869 616 915 caede
631 876 712 916 atratoa
726 877 852 925 cernentes,

180 936 209 981 ab
226 932 354 994 Hannibale
370 941 455 995 captam
475 934 551 980 urbem
568 939 692 981 aenserunt.
727 933 854 997 Postquam

180 998 221 1045 itur
232 999 313 1045 certior
323 1006 377 1052 erat,
390 1005 413 1045 et
420 995 526 1051 Romani,
539 999 576 1059 qui
584 998 681 1044 caedibus
689 998 853 1061 superfuerant,

179 1062 204 1110 in
220 1078 295 1127 arcem
309 1063 462 1125 confugerant,
480 1062 685 1124 cdnticeacebatque
696 1064 803 1125 paulatim
816 1070 854 1111 tu-

181 1128 273 1181 multus,
289 1136 339 1175 tum
351 1120 465 1175 Hannibal
474 1127 609 1174 Tarentinos
623 1130 671 1174 aine
685 1129 752 1175 armis
766 1143 855 1176 conro-

181 1193 226 1239 cari
237 1194 307 1256 jubet.
344 1190 479 1241 Convenire
489 1206 574 1246 omnea,
589 1200 737 1254 praeterquam
752 1195 799 1254 qui,
816 1210 854 1242 ce·

181 1258 259 1304 dentes
269 1258 293 1303 in
301 1267 381 1311 arcem,
395 1256 511 1303 Romanoa
519 1258 547 1305 ad
555 1272 645 1304 omnem
653 1258 776 1305 adeundam
785 1259 854 1306 simul

179 1321 293 1368 fomunam
309 1323 420 1383 prosecuti
435 1322 531 1368 fuerant.
566 1322 601 1368 Ibi
616 1322 737 1376 Hannibal,
754 1323 855 1386 benigne

178 1386 289 1433 allocutus
299 1386 441 1441 Tarentinos,
454 1393 599 1447 testatusque,
611 1402 661 1447 quae
671 1383 813 1449 praestitisset
821 1389 855 1435 ci»

179 1451 244 1499 vibus
263 1466 347 1506 eorum,
367 1468 424 1512 quos
443 1452 471 1497 ad
487 1452 643 1497 Trasimenum
660 1458 698 1497 aut
714 1452 742 1498 ad
758 1450 853 1500 Canum

180 1517 282 1578 cepisset,
300 1516 365 1563 simul
379 1518 402 1562 in
418 1515 591 1562 dominationem
606 1517 721 1577 superbam
733 1516 854 1565 Romano·

179 1589 231 1627 rum
250 1582 359 1634 invectus,
379 1583 478 1643 recipere
495 1596 519 1627 ae
536 1582 560 1625 in
577 1582 655 1627 domos
672 1595 722 1627 suaa
739 1593 855 1644 quemque

173 1646 251 1709 jussit,
269 1654 292 1697 et
306 1646 389 1691 foribua
404 1658 486 1691 nomen
502 1659 567 1691 auum
581 1646 712 1691 inscribere:
735 1659 759 1692 ae
772 1646 855 1695 domna

179 1722 225 1763 aaa,
242 1722 293 1769 quae
304 1710 415 1771 inscripta
431 1724 477 1755 non
491 1714 572 1762 ea'aent,
589 1710 654 1771 signo
665 1711 778 1771 extemplo
789 1712 853 1766 datu,

180 1772 243 1835 diripi
258 1772 381 1836 jussurum.
418 1774 441 1820 si
461 1776 510 1835 quia
528 1775 552 1819 in
568 1774 663 1835 bospitio
679 1775 734 1820 civia
750 1774 854 1823 Romani

179 1838 273 1902 (vacuas
288 1845 362 1885 autern
377 1840 481 1885 tenebant
495 1837 585 1898 domna)
600 1852 683 1885 nomen
693 1840 852 1901 inscrlpaiaaet,

77 1897 80 1903 ’
178 1908 231 1950 eum
243 1918 267 1950 se
276 1920 317 1965 pro
329 1905 393 1950 horte
403 1904 535 1950 habiturum.
564 1902 784 1958 Concionedimiaari,
798 1919 854 1953 eum

179 1968 250 2015 titulis
265 1974 348 2015 notatae
362 1968 421 2015 lorea
436 1968 553 2014 discrimen
563 1974 648 2029 pacatae
659 1969 686 2013 ab
695 1969 770 2014 hostili
782 1969 854 2019 domo

177 2030 290 2085 iecissent,
307 2034 373 2095 signo
388 2034 446 2087 dato,
462 2034 492 2079 ad
506 2032 626 2093 diripienda
639 2032 735 2093 hospitia
745 2032 855 2085 Romana

178 2098 261 2159 passim
273 2098 396 2144 discursum
407 2105 454 2145 eat:
474 2104 497 2144 et
506 2096 549 2142 fuit
559 2098 641 2158 praedae
652 2098 796 2158 aliquantum.

213 2160 259 2207 XI.
285 2161 379 2209 Postero
398 2162 434 2209 die
450 2163 478 2209 ad
494 2157 665 2223 oppugnandam
681 2176 755 2208 arcem
772 2164 851 2212 ducit:

179 2240 245 2286 quam
262 2240 313 2271 curn
331 2235 354 2273 et
369 2228 431 2280 mari,
449 2242 495 2287 quo
512 2228 534 2272 in
550 2227 673 2288 peninnrlae
689 2227 780 2273 modurn
797 2244 853 2291 para

178 2291 250 2353 major
261 2291 418 2344 circumluitur,
434 2292 532 2353 praealtis
546 2292 642 2353 rupibus,
658 2296 681 2337 et
695 2292 723 2338 ab
736 2288 785 2354 iperi
796 2295 855 2342 urbe

177 2368 243 2401 muro
260 2362 282 2401 et
298 2354 359 2400 ioasi
372 2356 458 2417 ingenti
475 2362 559 2416 ceptam
573 2356 665 2409 rideret,
682 2370 754 2417 eoque
768 2371 812 2403 nec
827 2360 853 2405 vi

178 2420 221 2464 rien
240 2420 341 2480 operibus
360 2420 530 2481 expugnabilem
549 2434 613 2477 caae3
635 2435 664 2466 ne
679 2426 718 2467 aut
734 2435 759 2467 ae
774 2421 852 2482 ipsum

179 2480 233 2529 cura
242 2483 319 2529 tuendi
330 2480 466 2531 Tarentinos
476 2501 490 2531 a
499 2486 619 2547 majoribus
629 2485 694 2530 rebua
709 2493 837 2532 moraretur
842 2506 853 2547 ς
899 2498 904 2507 “

178 2548 217 2592 lrut
227 2547 250 2591 in
262 2548 351 2594 relictos
362 2549 410 2595 aine
423 2548 497 2595 ualido
511 2549 615 2611 praesidio
628 2548 764 2596 Tarentinae
777 2544 853 2612 impe-

178 2616 227 2656 tum
247 2612 276 2658 eir
292 2626 349 2667 arce,
370 2627 421 2659 cum
437 2614 528 2667 vellent,
548 2613 647 2659 Romam
662 2612 768 2667 iacerent,
789 2616 853 2663 vulin

176 2675 254 2723 urbem
269 2676 296 2723 ab
308 2692 359 2724 arce
369 2677 499 2741 interacpire
509 2678 598 2725 statuit:
619 2692 664 2725 noa
675 2677 724 2726 aine
733 2677 771 2726 illi
780 2679 852 2731 etiam
