1850 2917
170 137 203 188 Μ
286 139 317 188 Τ.
328 137 417 190 LIVII
434 139 489 188 Lm.
501 139 587 189 XXV.
605 138 720 191 casim

168 270 320 332 prohioebnnla
355 269 490 318 Bomiloaris
501 270 608 327 adventi,
625 271 686 319 sasas
693 271 774 334 prim
785 269 846 318 deii}
921 322 922 327 ,

197 343 252 382 aeter
264 351 327 398 spem
344 352 414 390 mora,
433 353 485 383 oum
495 338 602 399 gaudium
612 345 636 384 et
646 344 732 384 netum
740 337 842 383 inuicem

207 402 279 448 manis
295 403 487 463 Syracusanisque
499 403 643 464 prosbuisset;
660 403 774 464 Epicydes
783 415 843 447 ‘me-

113 483 118 494 ‘
168 471 241 519 tuens,
260 481 295 521 ns,
314 467 333 512 si
346 475 468 529 pergerent
475 468 551 521 iidem,
567 469 605 529 qui
619 477 668 514 tum
682 469 795 521 tenebant,
812 467 843 513 ab

169 537 221 576 ortu
235 531 289 578 solis
303 530 358 578 flare
372 548 411 594 per
427 532 474 578 dies
488 533 563 595 plures
577 535 648 587 venti,
664 533 741 579 classis
751 531 842 579 Protea
921 578 922 603 ,

167 594 269 644 Africam
285 605 401 658 repeteret,
418 597 500 644 traditi
509 596 638 646 Achradind
651 595 841 644 mercenariorum

167 661 264 708 militum
272 661 372 716 ducibus,
389 662 418 710 ad
426 662 577 710 Bomssonrem
587 664 692 726 navigat:
710 663 806 710 classen
816 663 842 708 in

169 725 265 772 statione
275 724 341 772 versi
351 729 374 773 in
385 726 488 774 Africam
502 729 627 792 habentem,
645 736 713 791 atque
721 729 840 780 timeam
920 776 923 801 ,

168 791 248 837 navale
264 792 376 852 proelium,
400 807 446 838 non
465 800 512 840 tam
530 794 591 854 quod
609 795 679 855 impar
696 793 781 840 viribus
800 800 842 839 sut
920 840 923 859 1

168 869 262 902 numero
273 857 364 903 noviom
379 865 446 912 esset,
464 859 557 921 (quippe
566 859 634 906 edam
644 859 719 920 plures
733 856 840 917 habehat)
920 862 923 869 '

168 929 236 980 quam
247 921 307 981 quod
317 922 379 968 venti
390 923 486 984 aptiores
496 923 609 970 Romame
621 939 688 984 quam
707 937 755 970 suae
773 923 842 970 classi
921 976 922 989 χ

168 983 256 1039 flarent,
274 987 370 1048 perpulit
384 989 481 1042 tandem,
499 996 525 1035 ut
539 988 653 1035 fortunam
668 989 754 1035 navalis
767 995 843 1034 certe·
919 992 923 1001 ’

168 1049 424 1113 mnsexpesnveues
460 1053 634 1108 armacenos,
647 1053 842 1100 comestorum
919 1038 923 1063 ¹

168 1115 291 1161 exereitum
307 1131 336 1162 ex
351 1115 399 1164 totu
413 1117 486 1164 lnsulti
500 1120 583 1165 conciri
596 1119 690 1172 videret,
707 1125 793 1165 etcum
804 1119 842 1164 in·

167 1179 230 1242 genti
239 1189 365 1228 commeatu
374 1183 468 1230 classem
477 1182 587 1230 Punicam
594 1184 721 1237 adventare,
732 1196 762 1229 ne
772 1183 843 1229 simul

168 1243 227 1294 terri
238 1247 337 1311 murique
348 1249 447 1296 inclusus
454 1250 509 1296 urbe
516 1250 615 1296 hostium
623 1256 747 1311 urgeretur,
760 1262 841 1308 quam-

168 1325 235 1370 quam
254 1311 325 1372 impar
343 1327 437 1360 numero
456 1314 547 1361 narium
565 1321 620 1368 erat,
644 1314 760 1376 prohibere
777 1313 851 1360 adim·

112 1394 115 1402 ’
169 1373 331 1434 Syracusamm
348 1377 501 1426 Bomilcarem
517 1379 640 1426 eonstituit.
675 1378 738 1426 Duae
756 1377 842 1425 classes

168 1437 257 1487 infestae
272 1441 330 1488 circa
344 1445 524 1504 promontorium
539 1443 672 1505 Pachynum
689 1444 784 1496 stabant,
803 1444 842 1489 uli
918 1432 922 1457 ³

168 1503 241 1566 prIma
258 1508 406 1568 tranquillitas
424 1509 492 1556 maris
510 1509 535 1554 ln
553 1510 623 1555 altram
641 1509 760 1561 evertisset,
784 1522 843 1554 eon-

169 1583 275 1618 cursurae.
311 1569 397 1633 Itaque,
415 1574 508 1620 cadente
521 1575 570 1636 jam
588 1573 660 1626 Euro,
678 1573 716 1633 qui
734 1585 774 1635 per
792 1573 842 1619 dle·

168 1634 253 1695 aliquot
264 1636 375 1690 saeuiernt,
392 1639 452 1700 prior
463 1638 578 1684 Bomilcar
588 1639 673 1685 movit:
692 1638 757 1699 eujus
767 1638 843 1698 prims

168 1697 245 1746 classis
258 1707 334 1761 petere
350 1702 419 1748 altum
437 1703 486 1750 visa
503 1711 545 1757 est,
562 1719 607 1764 quo
623 1703 710 1750 saossius
725 1709 843 1765 superaret

168 1765 360 1826 promontorium:
386 1774 501 1822 caeterum,
520 1775 639 1829 postquam
657 1767 749 1814 tendere
768 1767 798 1814 ad
817 1783 843 1815 se

168 1827 285 1876 Romanas
295 1845 364 1878 naves
372 1831 434 1886 vidit,
446 1833 557 1878 incertum
568 1831 613 1893 qud
622 1830 695 1879 subiti
704 1831 796 1879 territus
808 1847 840 1887 re,
921 1838 922 1851 ¹

168 1891 283 1942 Bomilcar
293 1896 343 1942 vela
357 1897 380 1942 in
395 1898 466 1944 altum
477 1897 553 1956 dedit;
564 1899 682 1960 missisque
691 1897 777 1944 nuntiis
788 1895 844 1944 Ho-

168 1959 272 2015 rsoleom,
284 1962 322 2022 qui
337 1962 448 2009 onerarias
457 1970 517 2009 retro
526 1959 573 2026 [in]
585 1962 687 2009 Afrionm
695 1970 796 2025 repetere
801 1963 842 2026 ju-

167 2023 252 2078 berent,
271 2027 325 2087 ipse,
344 2027 441 2074 Siciliam
452 2034 620 2089 praetervectus,
638 2026 763 2075 Tarentum
773 2029 839 2090 petit.

168 2087 290 2150 Epicydes,
308 2107 322 2136 a
335 2089 398 2138 tanti
413 2100 503 2155 repente
517 2093 638 2140 destitutus
651 2108 697 2154 spe,
715 2107 744 2139 ne
759 2093 784 2138 in
799 2094 841 2140 ob-

167 2153 275 2202 sidionem
291 2155 374 2218 magnd
387 2172 416 2204 ex
430 2166 494 2220 parte
509 2165 581 2220 captos
591 2159 651 2204 urbis
662 2158 750 2212 rediret,
767 2157 841 2220 Agri-

166 2226 261 2280 gentum
273 2222 372 2283 nsvigst,
384 2231 553 2284 exspectamrus
564 2224 638 2286 magis
647 2229 761 2276 erenttun,
771 2237 840 2284 quam
918 2225 922 2245 ⁷

165 2282 219 2331 inde
230 2286 348 2346 ququuam
360 2296 470 2335 moturus.

201 2348 326 2396 XXVIII.
342 2351 402 2404 Quae
414 2354 449 2400 ubi
461 2354 484 2399 in
495 2360 568 2400 castra
579 2353 705 2401 Siculorum
716 2359 771 2398 mnt
781 2366 842 2399 nun-
918 2348 923 2376 ³

166 2412 228 2468 5³2²,
252 2413 378 2477 Epicydem
399 2418 516 2478 Syracusis
533 2418 663 2473 excessisse,
686 2433 701 2464 a
719 2415 843 2481 Carthogi.

168 2478 282 2526 iriensibus
293 2480 392 2534 relictam
403 2483 507 2538 insulam,
525 2492 548 2530 et
558 2499 627 2546 prope
636 2485 717 2529 iterum
728 2481 843 2530 Romanis
919 2478 923 2507 ‘¹

168 2543 286 2600 traditam
311 2545 398 2608 legatos
417 2547 445 2594 de
463 2549 627 2595 conditionibus
644 2548 753 2595 dedendae
771 2550 842 2603 urbis,
921 2594 923 2601 ,

167 2606 292 2666 explorati
305 2611 368 2670 prius
389 2627 429 2674 per
448 2614 560 2676 colloquia
577 2614 694 2662 voluntate
708 2628 788 2660 eorum
805 2615 846 2676 qui
921 2634 923 2678 j

168 2671 332 2731 obsidebsntur,
356 2675 385 2725 ad
403 2676 540 2727 Marcellum
558 2679 658 2727 mittunt.
700 2677 762 2730 cum
784 2680 845 2728 haud
920 2690 923 2703 ‘
