<?xml version="1.0" encoding="UTF-8"?>
<!DOCTYPE html PUBLIC "-//W3C//DTD XHTML 1.0 Transitional//EN"
    "http://www.w3.org/TR/xhtml1/DTD/xhtml1-transitional.dtd">
<html xmlns="http://www.w3.org/1999/xhtml" xml:lang="en" lang="en">
 <head>
  <title>
</title>
<meta http-equiv="Content-Type" content="text/html;charset=utf-8" />
  <meta name='ocr-system' content='tesseract 3.04.00' />
  <meta name='ocr-capabilities' content='ocr_page ocr_carea ocr_par ocr_line ocrx_word'/>
</head>
<body>
  <div class='ocr_page' id='page_1' title='image "./tliviipatavinih03caregoog_0314.png"; bbox 0 0 1850 2917; ppageno 0'>
   <div class='ocr_carea' id='block_1_1' title="bbox 136 174 711 231">
    <p class='ocr_par' dir='ltr' id='par_1_1' title="bbox 136 174 711 231">
     <span class='ocr_line' id='line_1_1' title="bbox 136 174 711 231; baseline -0.017 0"><span class='ocrx_word' id='word_1_1' title='bbox 136 186 184 231; x_wconf 77' lang='lat'><strong>308</strong></span> <span class='ocrx_word' id='word_1_2' title='bbox 232 176 364 227; x_wconf 79' lang='lat' dir='ltr'>T.L1v11</span> <span class='ocrx_word' id='word_1_3' title='bbox 381 178 434 227; x_wconf 82' lang='lat' dir='ltr'><strong>Lu·</strong></span> <span class='ocrx_word' id='word_1_4' title='bbox 448 174 576 225; x_wconf 85' lang='lat' dir='ltr'>XXVIIL</span> <span class='ocrx_word' id='word_1_5' title='bbox 596 174 656 225; x_wconf 76' lang='lat' dir='ltr'><strong>Car.</strong></span> <span class='ocrx_word' id='word_1_6' title='bbox 669 174 711 222; x_wconf 79' lang='lat'><strong>46.</strong></span> 
     </span>
    </p>
   </div>
   <div class='ocr_carea' id='block_1_2' title="bbox 138 306 817 634">
    <p class='ocr_par' dir='ltr' id='par_1_2' title="bbox 138 306 817 634">
     <span class='ocr_line' id='line_1_2' title="bbox 139 306 816 374; baseline -0.006 -16"><span class='ocrx_word' id='word_1_7' title='bbox 139 311 265 374; x_wconf 80' lang='lat' dir='ltr'><strong>drageairno</strong></span> <span class='ocrx_word' id='word_1_8' title='bbox 284 310 370 371; x_wconf 85' lang='lat' dir='ltr'><strong>quinto,</strong></span> <span class='ocrx_word' id='word_1_9' title='bbox 389 324 456 370; x_wconf 86' lang='lat' dir='ltr'><strong>quam</strong></span> <span class='ocrx_word' id='word_1_10' title='bbox 473 323 502 355; x_wconf 84' lang='lat' dir='ltr'><strong>ex</strong></span> <span class='ocrx_word' id='word_1_11' title='bbox 521 307 582 354; x_wconf 75' lang='lat' dir='ltr'><strong>silvia</strong></span> <span class='ocrx_word' id='word_1_12' title='bbox 601 306 701 353; x_wconf 84' lang='lat' dir='ltr'><strong>detracta</strong></span> <span class='ocrx_word' id='word_1_13' title='bbox 719 306 816 354; x_wconf 78' lang='lat' dir='ltr'><strong>materia</strong></span> 
     </span>
     <span class='ocr_line' id='line_1_3' title="bbox 138 371 815 454; baseline -0.009 -29"><span class='ocrx_word' id='word_1_14' title='bbox 138 386 194 454; x_wconf 72' lang='lat' dir='ltr'><strong>erat,</strong></span> <span class='ocrx_word' id='word_1_15' title='bbox 212 391 281 423; x_wconf 79' lang='lat' dir='ltr'><strong>naver</strong></span> <span class='ocrx_word' id='word_1_16' title='bbox 296 376 414 421; x_wconf 84' lang='lat' dir='ltr'><strong>inatruotae</strong></span> <span class='ocrx_word' id='word_1_17' title='bbox 428 380 564 434; x_wconf 65' lang='lat' dir='ltr'><strong>armataque</strong></span> <span class='ocrx_word' id='word_1_18' title='bbox 574 372 597 417; x_wconf 89' lang='lat' dir='ltr'><strong>in</strong></span> <span class='ocrx_word' id='word_1_19' title='bbox 612 386 693 433; x_wconf 84' lang='lat' dir='ltr'><strong>aquam</strong></span> <span class='ocrx_word' id='word_1_20' title='bbox 709 371 815 419; x_wconf 79' lang='lat' dir='ltr'><strong>deduotae</strong></span> 
     </span>
     <span class='ocr_line' id='line_1_4' title="bbox 142 450 815 563; baseline -0.009 -9"><span class='ocrx_word' id='word_1_21' title='bbox 142 450 268 553; x_wconf 68' lang='lat' dir='ltr'><strong>smiiLVI.</strong></span> <span class='ocrx_word' id='word_1_22' title='bbox 288 503 407 551; x_wconf 72' lang='lat' dir='ltr'><strong>Profecto·</strong></span> <span class='ocrx_word' id='word_1_23' title='bbox 421 502 445 549; x_wconf 89' lang='lat' dir='ltr'><strong>in</strong></span> <span class='ocrx_word' id='word_1_24' title='bbox 457 502 555 549; x_wconf 87' lang='lat' dir='ltr'><strong>Siciliam</strong></span> <span class='ocrx_word' id='word_1_25' title='bbox 566 508 601 547; x_wconf 88' lang='lat' dir='ltr'><strong>est</strong></span> <span class='ocrx_word' id='word_1_26' title='bbox 611 501 705 563; x_wconf 85' lang='lat' dir='ltr'><strong>triginta</strong></span> <span class='ocrx_word' id='word_1_27' title='bbox 720 502 815 549; x_wconf 72' lang='lat' dir='ltr'><strong>navibus</strong></span> 
     </span>
     <span class='ocr_line' id='line_1_5' title="bbox 140 566 817 634; baseline -0.009 -15"><span class='ocrx_word' id='word_1_28' title='bbox 140 572 223 634; x_wconf 81' lang='lat' dir='ltr'><strong>longia,</strong></span> <span class='ocrx_word' id='word_1_29' title='bbox 236 570 413 617; x_wconf 84' lang='lat' dir='ltr'><strong>voluntariorum</strong></span> <span class='ocrx_word' id='word_1_30' title='bbox 424 574 510 629; x_wconf 81' lang='lat' dir='ltr'><strong>reptem</strong></span> <span class='ocrx_word' id='word_1_31' title='bbox 519 567 591 614; x_wconf 81' lang='lat' dir='ltr'><strong>fenne</strong></span> <span class='ocrx_word' id='word_1_32' title='bbox 601 566 699 613; x_wconf 82' lang='lat' dir='ltr'><strong>millibus</strong></span> <span class='ocrx_word' id='word_1_33' title='bbox 709 566 733 611; x_wconf 89' lang='lat' dir='ltr'><strong>in</strong></span> <span class='ocrx_word' id='word_1_34' title='bbox 745 582 817 613; x_wconf 82' lang='lat' dir='ltr'><strong>naver</strong></span> 
     </span>
    </p>
   </div>
   <div class='ocr_carea' id='block_1_3' title="bbox 141 631 921 699">
    <p class='ocr_par' dir='ltr' id='par_1_3' title="bbox 141 631 921 699">
     <span class='ocr_line' id='line_1_6' title="bbox 141 631 921 699; baseline -0.008 -15"><span class='ocrx_word' id='word_1_35' title='bbox 141 636 259 699; x_wconf 71' lang='lat' dir='ltr'><strong>impositis.</strong></span> <span class='ocrx_word' id='word_1_36' title='bbox 295 635 329 681; x_wconf 85' lang='lat' dir='ltr'><strong>Et</strong></span> <span class='ocrx_word' id='word_1_37' title='bbox 337 633 367 680; x_wconf 88' lang='lat' dir='ltr'><strong>P.</strong></span> <span class='ocrx_word' id='word_1_38' title='bbox 382 633 483 680; x_wconf 78' lang='lat' dir='ltr'><strong>Licinius</strong></span> <span class='ocrx_word' id='word_1_39' title='bbox 493 633 517 678; x_wconf 92' lang='lat' dir='ltr'><strong>in</strong></span> <span class='ocrx_word' id='word_1_40' title='bbox 529 631 631 678; x_wconf 73' lang='lat' dir='ltr'><strong>Bruttio·</strong></span> <span class='ocrx_word' id='word_1_41' title='bbox 642 632 670 677; x_wconf 85' lang='lat' dir='ltr'><strong>ad</strong></span> <span class='ocrx_word' id='word_1_42' title='bbox 680 632 739 677; x_wconf 79' lang='lat' dir='ltr'><strong>duos</strong></span> <span class='ocrx_word' id='word_1_43' title='bbox 750 647 819 680; x_wconf 85' lang='lat' dir='ltr'><strong>exer·</strong></span> <span class='ocrx_word' id='word_1_44' title='bbox 920 664 921 695; x_wconf 58' lang='lat'>;</span> 
     </span>
    </p>
   </div>
   <div class='ocr_carea' id='block_1_4' title="bbox 143 697 818 823">
    <p class='ocr_par' dir='ltr' id='par_1_4' title="bbox 143 697 818 823">
     <span class='ocr_line' id='line_1_7' title="bbox 143 697 818 757; baseline -0.006 -8"><span class='ocrx_word' id='word_1_45' title='bbox 143 703 202 749; x_wconf 79' lang='lat' dir='ltr'><strong>citus</strong></span> <span class='ocrx_word' id='word_1_46' title='bbox 209 701 338 747; x_wconf 70' lang='lat' dir='ltr'><strong>consulare·</strong></span> <span class='ocrx_word' id='word_1_47' title='bbox 345 698 414 745; x_wconf 78' lang='lat' dir='ltr'><strong>venit.</strong></span> <span class='ocrx_word' id='word_1_48' title='bbox 441 697 481 744; x_wconf 79' lang='lat' dir='ltr'><strong>Ea</strong></span> <span class='ocrx_word' id='word_1_49' title='bbox 492 698 524 745; x_wconf 82' lang='lat' dir='ltr'><strong>eir</strong></span> <span class='ocrx_word' id='word_1_50' title='bbox 535 712 586 745; x_wconf 89' lang='lat' dir='ltr'><strong>eum</strong></span> <span class='ocrx_word' id='word_1_51' title='bbox 598 697 638 743; x_wconf 83' lang='lat' dir='ltr'>sibi</span> <span class='ocrx_word' id='word_1_52' title='bbox 650 698 738 751; x_wconf 80' lang='lat' dir='ltr'><strong>sumsit,</strong></span> <span class='ocrx_word' id='word_1_53' title='bbox 748 712 818 757; x_wconf 87' lang='lat' dir='ltr'><strong>quem</strong></span> 
     </span>
     <span class='ocr_line' id='line_1_8' title="bbox 143 762 818 823; baseline -0.004 -11"><span class='ocrx_word' id='word_1_54' title='bbox 143 767 173 816; x_wconf 79' lang='lat' dir='ltr'>L</span> <span class='ocrx_word' id='word_1_55' title='bbox 192 766 301 811; x_wconf 71' lang='lat' dir='ltr'><strong>Veturius</strong></span> <span class='ocrx_word' id='word_1_56' title='bbox 319 764 399 811; x_wconf 75' lang='lat' dir='ltr'><strong>conoul</strong></span> <span class='ocrx_word' id='word_1_57' title='bbox 415 764 535 809; x_wconf 84' lang='lat' dir='ltr'><strong>habuerat:</strong></span> <span class='ocrx_word' id='word_1_58' title='bbox 560 762 663 815; x_wconf 89' lang='lat' dir='ltr'><strong>Metello,</strong></span> <span class='ocrx_word' id='word_1_59' title='bbox 683 769 717 815; x_wconf 88' lang='lat' dir='ltr'><strong>ut,</strong></span> <span class='ocrx_word' id='word_1_60' title='bbox 736 764 818 823; x_wconf 82' lang='lat' dir='ltr'><strong>quibua</strong></span> 
     </span>
    </p>
   </div>
   <div class='ocr_carea' id='block_1_5' title="bbox 143 826 922 957">
    <p class='ocr_par' dir='ltr' id='par_1_5' title="bbox 143 826 922 957">
     <span class='ocr_line' id='line_1_9' title="bbox 143 826 922 894; baseline -0.005 -16"><span class='ocrx_word' id='word_1_61' title='bbox 143 830 270 894; x_wconf 79' lang='lat' dir='ltr'><strong>praefuiaaet</strong></span> <span class='ocrx_word' id='word_1_62' title='bbox 280 830 413 891; x_wconf 70' lang='lat' dir='ltr'><strong>legionibus,</strong></span> <span class='ocrx_word' id='word_1_63' title='bbox 424 828 452 875; x_wconf 79' lang='lat' dir='ltr'><strong>iia</strong></span> <span class='ocrx_word' id='word_1_64' title='bbox 463 835 578 889; x_wconf 71' lang='lat' dir='ltr'>praeesset,</span> <span class='ocrx_word' id='word_1_65' title='bbox 596 826 694 890; x_wconf 76' lang='lat' dir='ltr'>(facilius</span> <span class='ocrx_word' id='word_1_66' title='bbox 711 842 764 873; x_wconf 86' lang='lat' dir='ltr'><strong>cum</strong></span> <span class='ocrx_word' id='word_1_67' title='bbox 781 842 819 875; x_wconf 76' lang='lat' dir='ltr'><strong>aa·</strong></span> <span class='ocrx_word' id='word_1_68' title='bbox 921 859 922 883; x_wconf 44' lang='lat' dir='ltr'><strong>p</strong></span> 
     </span>
     <span class='ocr_line' id='line_1_10' title="bbox 144 888 922 957; baseline -0.006 -13"><span class='ocrx_word' id='word_1_69' title='bbox 144 897 215 944; x_wconf 79' lang='lat' dir='ltr'><strong>metir</strong></span> <span class='ocrx_word' id='word_1_70' title='bbox 230 896 324 957; x_wconf 87' lang='lat' dir='ltr'><strong>imperio</strong></span> <span class='ocrx_word' id='word_1_71' title='bbox 343 908 391 940; x_wconf 89' lang='lat' dir='ltr'><strong>rem</strong></span> <span class='ocrx_word' id='word_1_72' title='bbox 410 902 527 955; x_wconf 76' lang='lat' dir='ltr'><strong>gesturum</strong></span> <span class='ocrx_word' id='word_1_73' title='bbox 547 890 619 952; x_wconf 78' lang='lat' dir='ltr'><strong>ratus)</strong></span> <span class='ocrx_word' id='word_1_74' title='bbox 637 893 746 954; x_wconf 75' lang='lat' dir='ltr'>permisit.</span> <span class='ocrx_word' id='word_1_75' title='bbox 782 892 820 941; x_wconf 80' lang='lat' dir='ltr'><strong>Et</strong></span> <span class='ocrx_word' id='word_1_76' title='bbox 921 888 922 931; x_wconf 60' lang='grc' dir='ltr'>ἶ</span> 
     </span>
    </p>
   </div>
   <div class='ocr_carea' id='block_1_6' title="bbox 141 957 822 1219">
    <p class='ocr_par' dir='ltr' id='par_1_6' title="bbox 141 957 822 1219">
     <span class='ocr_line' id='line_1_11' title="bbox 144 957 821 1023; baseline -0.007 -15"><span class='ocrx_word' id='word_1_77' title='bbox 144 969 252 1023; x_wconf 79' lang='lat' dir='ltr'><strong>praetores</strong></span> <span class='ocrx_word' id='word_1_78' title='bbox 260 960 343 1006; x_wconf 77' lang='lat' dir='ltr'><strong>diversi</strong></span> <span class='ocrx_word' id='word_1_79' title='bbox 353 960 376 1004; x_wconf 88' lang='lat' dir='ltr'><strong>in</strong></span> <span class='ocrx_word' id='word_1_80' title='bbox 387 959 514 1020; x_wconf 77' lang='lat' dir='ltr'><strong>provincias</strong></span> <span class='ocrx_word' id='word_1_81' title='bbox 523 957 624 1019; x_wconf 77' lang='lat' dir='ltr'><strong>proiecti.</strong></span> <span class='ocrx_word' id='word_1_82' title='bbox 660 957 701 1011; x_wconf 88' lang='lat' dir='ltr'><strong>Et,</strong></span> <span class='ocrx_word' id='word_1_83' title='bbox 714 958 767 1018; x_wconf 86' lang='lat' dir='ltr'><strong>quia</strong></span> <span class='ocrx_word' id='word_1_84' title='bbox 777 973 821 1019; x_wconf 87' lang='lat' dir='ltr'><strong>pe-</strong></span> 
     </span>
     <span class='ocr_line' id='line_1_12' title="bbox 145 1021 819 1085; baseline 0 -14"><span class='ocrx_word' id='word_1_85' title='bbox 145 1024 251 1072; x_wconf 80' lang='lat' dir='ltr'><strong>cuniaad</strong></span> <span class='ocrx_word' id='word_1_86' title='bbox 263 1025 346 1070; x_wconf 82' lang='lat' dir='ltr'><strong>beilum</strong></span> <span class='ocrx_word' id='word_1_87' title='bbox 363 1025 446 1077; x_wconf 75' lang='lat' dir='ltr'><strong>deerat,</strong></span> <span class='ocrx_word' id='word_1_88' title='bbox 467 1024 516 1085; x_wconf 84' lang='lat' dir='ltr'><strong>agri</strong></span> <span class='ocrx_word' id='word_1_89' title='bbox 534 1021 643 1085; x_wconf 86' lang='lat' dir='ltr'><strong>Campani</strong></span> <span class='ocrx_word' id='word_1_90' title='bbox 661 1022 787 1085; x_wconf 78' lang='lat' dir='ltr'>regionem,</span> <span class='ocrx_word' id='word_1_91' title='bbox 804 1039 819 1071; x_wconf 83' lang='lat' dir='ltr'><strong>a</strong></span> 
     </span>
     <span class='ocr_line' id='line_1_13' title="bbox 146 1088 820 1148; baseline -0.003 -11"><span class='ocrx_word' id='word_1_92' title='bbox 146 1088 219 1138; x_wconf 64' lang='lat' dir='ltr'><strong>Forat</strong></span> <span class='ocrx_word' id='word_1_93' title='bbox 234 1088 318 1136; x_wconf 75' lang='lat' dir='ltr'><strong>Graeci</strong></span> <span class='ocrx_word' id='word_1_94' title='bbox 335 1089 364 1135; x_wconf 84' lang='lat' dir='ltr'><strong>ad</strong></span> <span class='ocrx_word' id='word_1_95' title='bbox 383 1104 445 1136; x_wconf 81' lang='lat' dir='ltr'><strong>mare</strong></span> <span class='ocrx_word' id='word_1_96' title='bbox 460 1103 556 1141; x_wconf 82' lang='lat' dir='ltr'><strong>verram,</strong></span> <span class='ocrx_word' id='word_1_97' title='bbox 577 1088 673 1134; x_wconf 89' lang='lat' dir='ltr'><strong>vendere</strong></span> <span class='ocrx_word' id='word_1_98' title='bbox 692 1095 820 1148; x_wconf 71' lang='lat' dir='ltr'><strong>quaestores</strong></span> 
     </span>
     <span class='ocr_line' id='line_1_14' title="bbox 141 1152 822 1219; baseline 0.001 -19"><span class='ocrx_word' id='word_1_99' title='bbox 141 1156 215 1219; x_wconf 73' lang='lat' dir='ltr'><strong>juaai3</strong></span> <span class='ocrx_word' id='word_1_100' title='bbox 231 1154 313 1200; x_wconf 78' lang='lat' dir='ltr'><strong>iudicio</strong></span> <span class='ocrx_word' id='word_1_101' title='bbox 324 1170 412 1215; x_wconf 91' lang='lat' dir='ltr'><strong>quoque</strong></span> <span class='ocrx_word' id='word_1_102' title='bbox 422 1154 538 1215; x_wconf 74' lang='lat' dir='ltr'><strong>permisso,</strong></span> <span class='ocrx_word' id='word_1_103' title='bbox 556 1154 593 1213; x_wconf 90' lang='lat' dir='ltr'><strong>qui</strong></span> <span class='ocrx_word' id='word_1_104' title='bbox 609 1166 663 1214; x_wconf 80' lang='lat' dir='ltr'><strong>ager</strong></span> <span class='ocrx_word' id='word_1_105' title='bbox 680 1153 736 1198; x_wconf 82' lang='lat' dir='ltr'><strong>civis</strong></span> <span class='ocrx_word' id='word_1_106' title='bbox 749 1152 822 1201; x_wconf 81' lang='lat' dir='ltr'><strong>Cam-</strong></span> 
     </span>
    </p>
   </div>
   <div class='ocr_carea' id='block_1_7' title="bbox 144 1217 923 1281">
    <p class='ocr_par' dir='ltr' id='par_1_7' title="bbox 144 1217 923 1281">
     <span class='ocr_line' id='line_1_15' title="bbox 144 1217 923 1281; baseline 0 -16"><span class='ocrx_word' id='word_1_107' title='bbox 144 1220 197 1281; x_wconf 86' lang='lat' dir='ltr'><strong>pani</strong></span> <span class='ocrx_word' id='word_1_108' title='bbox 206 1219 293 1272; x_wconf 75' lang='lat' dir='ltr'><strong>fuisset,</strong></span> <span class='ocrx_word' id='word_1_109' title='bbox 305 1228 331 1265; x_wconf 91' lang='lat' dir='ltr'><strong>ut</strong></span> <span class='ocrx_word' id='word_1_110' title='bbox 340 1220 361 1265; x_wconf 74' lang='lat' dir='ltr'><strong>ia</strong></span> <span class='ocrx_word' id='word_1_111' title='bbox 370 1219 472 1280; x_wconf 71' lang='lat' dir='ltr'><strong>publicus</strong></span> <span class='ocrx_word' id='word_1_112' title='bbox 484 1218 559 1279; x_wconf 88' lang='lat' dir='ltr'><strong>populi</strong></span> <span class='ocrx_word' id='word_1_113' title='bbox 574 1217 674 1264; x_wconf 87' lang='lat' dir='ltr'><strong>Romani</strong></span> <span class='ocrx_word' id='word_1_114' title='bbox 692 1226 767 1272; x_wconf 63' lang='lat' dir='ltr'><strong>essen</strong></span> <span class='ocrx_word' id='word_1_115' title='bbox 783 1219 822 1265; x_wconf 86' lang='lat' dir='ltr'><strong>in·</strong></span> <span class='ocrx_word' id='word_1_116' title='bbox 922 1228 923 1231; x_wconf 76' lang='grc'>’</span> 
     </span>
    </p>
   </div>
   <div class='ocr_carea' id='block_1_8' title="bbox 146 1282 823 1539">
    <p class='ocr_par' dir='ltr' id='par_1_8' title="bbox 146 1282 823 1539">
     <span class='ocr_line' id='line_1_16' title="bbox 146 1282 822 1345; baseline 0.001 -16"><span class='ocrx_word' id='word_1_117' title='bbox 146 1285 189 1329; x_wconf 83' lang='lat' dir='ltr'><strong>dici</strong></span> <span class='ocrx_word' id='word_1_118' title='bbox 204 1284 322 1345; x_wconf 77' lang='lat' dir='ltr'><strong>praemium</strong></span> <span class='ocrx_word' id='word_1_119' title='bbox 338 1284 492 1337; x_wconf 82' lang='lat' dir='ltr'><strong>oonrtitutom,</strong></span> <span class='ocrx_word' id='word_1_120' title='bbox 505 1289 596 1343; x_wconf 79' lang='lat' dir='ltr'><strong>quantae</strong></span> <span class='ocrx_word' id='word_1_121' title='bbox 606 1282 708 1344; x_wconf 82' lang='lat' dir='ltr'><strong>pecuniae</strong></span> <span class='ocrx_word' id='word_1_122' title='bbox 719 1298 775 1345; x_wconf 84' lang='lat' dir='ltr'><strong>ager</strong></span> <span class='ocrx_word' id='word_1_123' title='bbox 784 1285 822 1330; x_wconf 85' lang='lat' dir='ltr'><strong>in·</strong></span> 
     </span>
     <span class='ocr_line' id='line_1_17' title="bbox 146 1346 823 1409; baseline 0.003 -15"><span class='ocrx_word' id='word_1_124' title='bbox 146 1347 234 1394; x_wconf 77' lang='lat' dir='ltr'><strong>(liuntur</strong></span> <span class='ocrx_word' id='word_1_125' title='bbox 243 1356 310 1404; x_wconf 72' lang='lat' dir='ltr'><strong>earet.</strong></span> <span class='ocrx_word' id='word_1_126' title='bbox 323 1363 374 1409; x_wconf 81' lang='lat' dir='ltr'><strong>perr</strong></span> <span class='ocrx_word' id='word_1_127' title='bbox 384 1349 477 1395; x_wconf 79' lang='lat' dir='ltr'><strong>decima.</strong></span> <span class='ocrx_word' id='word_1_128' title='bbox 514 1348 546 1394; x_wconf 90' lang='lat' dir='ltr'><strong>Et</strong></span> <span class='ocrx_word' id='word_1_129' title='bbox 558 1346 602 1395; x_wconf 85' lang='lat' dir='ltr'><strong>Cu.</strong></span> <span class='ocrx_word' id='word_1_130' title='bbox 615 1348 709 1395; x_wconf 85' lang='lat' dir='ltr'><strong>Servilio</strong></span> <span class='ocrx_word' id='word_1_131' title='bbox 727 1351 823 1409; x_wconf 79' lang='lat' dir='ltr'><strong>praetori</strong></span> 
     </span>
     <span class='ocr_line' id='line_1_18' title="bbox 147 1411 823 1475; baseline 0.001 -15"><span class='ocrx_word' id='word_1_132' title='bbox 147 1414 208 1460; x_wconf 73' lang='lat' dir='ltr'><strong>urbia</strong></span> <span class='ocrx_word' id='word_1_133' title='bbox 218 1414 334 1475; x_wconf 82' lang='lat' dir='ltr'><strong>negotium</strong></span> <span class='ocrx_word' id='word_1_134' title='bbox 346 1412 430 1466; x_wconf 80' lang='lat' dir='ltr'><strong>datum,</strong></span> <span class='ocrx_word' id='word_1_135' title='bbox 442 1421 469 1458; x_wconf 88' lang='lat' dir='ltr'><strong>ut</strong></span> <span class='ocrx_word' id='word_1_136' title='bbox 480 1411 589 1474; x_wconf 80' lang='lat' dir='ltr'><strong>Campani</strong></span> <span class='ocrx_word' id='word_1_137' title='bbox 602 1413 669 1465; x_wconf 74' lang='lat' dir='ltr'><strong>cirea,</strong></span> <span class='ocrx_word' id='word_1_138' title='bbox 688 1413 724 1459; x_wconf 91' lang='lat' dir='ltr'><strong>ubi</strong></span> <span class='ocrx_word' id='word_1_139' title='bbox 740 1414 823 1475; x_wconf 84' lang='lat' dir='ltr'><strong>cuique</strong></span> 
     </span>
     <span class='ocr_line' id='line_1_19' title="bbox 147 1477 822 1539; baseline 0.001 -13"><span class='ocrx_word' id='word_1_140' title='bbox 147 1493 177 1527; x_wconf 86' lang='lat' dir='ltr'><strong>ex</strong></span> <span class='ocrx_word' id='word_1_141' title='bbox 191 1478 398 1525; x_wconf 75' lang='lat' dir='ltr'><strong>renatus-consulto</strong></span> <span class='ocrx_word' id='word_1_142' title='bbox 412 1478 491 1524; x_wconf 88' lang='lat' dir='ltr'><strong>lioeret</strong></span> <span class='ocrx_word' id='word_1_143' title='bbox 507 1479 611 1530; x_wconf 72' lang='lat' dir='ltr'><strong>habitare,</strong></span> <span class='ocrx_word' id='word_1_144' title='bbox 629 1478 658 1523; x_wconf 93' lang='lat' dir='ltr'><strong>ibi</strong></span> <span class='ocrx_word' id='word_1_145' title='bbox 678 1477 822 1539; x_wconf 77' lang='lat' dir='ltr'><strong>habitarent3</strong></span> 
     </span>
    </p>
   </div>
   <div class='ocr_carea' id='block_1_9' title="bbox 42 1542 823 1611">
    <p class='ocr_par' dir='ltr' id='par_1_9' title="bbox 42 1542 823 1611">
     <span class='ocr_line' id='line_1_20' title="bbox 42 1542 823 1611; baseline -0.003 -20"><span class='ocrx_word' id='word_1_146' title='bbox 42 1595 50 1611; x_wconf 33' lang='grc' dir='ltr'><strong><em>ι</em></strong></span> <span class='ocrx_word' id='word_1_147' title='bbox 147 1543 376 1604; x_wconf 81' lang='lat' dir='ltr'><strong>animadverteretque</strong></span> <span class='ocrx_word' id='word_1_148' title='bbox 386 1546 409 1588; x_wconf 94' lang='lat' dir='ltr'><strong>in</strong></span> <span class='ocrx_word' id='word_1_149' title='bbox 420 1558 467 1595; x_wconf 84' lang='lat' dir='ltr'><strong>eos,</strong></span> <span class='ocrx_word' id='word_1_150' title='bbox 486 1543 524 1603; x_wconf 93' lang='lat' dir='ltr'><strong>qui</strong></span> <span class='ocrx_word' id='word_1_151' title='bbox 539 1542 589 1588; x_wconf 88' lang='lat' dir='ltr'><strong>alibi</strong></span> <span class='ocrx_word' id='word_1_152' title='bbox 603 1542 735 1589; x_wconf 81' lang='lat' dir='ltr'><strong>habitarent.</strong></span> <span class='ocrx_word' id='word_1_153' title='bbox 772 1542 823 1592; x_wconf 74' lang='lat' dir='ltr'><strong>Ea.</strong></span> 
     </span>
    </p>
   </div>
   <div class='ocr_carea' id='block_1_10' title="bbox 80 1606 828 2515">
    <p class='ocr_par' dir='ltr' id='par_1_10' title="bbox 80 1606 822 1864">
     <span class='ocr_line' id='line_1_21' title="bbox 149 1606 822 1669; baseline 0.004 -15"><span class='ocrx_word' id='word_1_154' title='bbox 149 1609 201 1655; x_wconf 87' lang='lat' dir='ltr'><strong>dem</strong></span> <span class='ocrx_word' id='word_1_155' title='bbox 211 1615 290 1654; x_wconf 77' lang='lat' dir='ltr'><strong>aestate</strong></span> <span class='ocrx_word' id='word_1_156' title='bbox 301 1608 382 1669; x_wconf 88' lang='lat' dir='ltr'><strong>Mago,</strong></span> <span class='ocrx_word' id='word_1_157' title='bbox 395 1606 532 1653; x_wconf 69' lang='lat' dir='ltr'>Hamilcaris</span> <span class='ocrx_word' id='word_1_158' title='bbox 549 1606 614 1660; x_wconf 74' lang='lat' dir='ltr'><strong>filius,</strong></span> <span class='ocrx_word' id='word_1_159' title='bbox 633 1622 662 1652; x_wconf 89' lang='lat' dir='ltr'><strong>ex</strong></span> <span class='ocrx_word' id='word_1_160' title='bbox 673 1608 762 1655; x_wconf 87' lang='lat' dir='ltr'><strong>minore</strong></span> <span class='ocrx_word' id='word_1_161' title='bbox 773 1608 822 1657; x_wconf 85' lang='lat' dir='ltr'><strong>Ba-</strong></span> 
     </span>
     <span class='ocr_line' id='line_1_22' title="bbox 148 1670 822 1733; baseline 0.001 -14"><span class='ocrx_word' id='word_1_162' title='bbox 148 1674 241 1720; x_wconf 83' lang='lat' dir='ltr'><strong>learium</strong></span> <span class='ocrx_word' id='word_1_163' title='bbox 251 1672 330 1724; x_wconf 73' lang='lat' dir='ltr'><strong>inauli,</strong></span> <span class='ocrx_word' id='word_1_164' title='bbox 340 1673 377 1717; x_wconf 88' lang='lat' dir='ltr'><strong>ubi</strong></span> <span class='ocrx_word' id='word_1_165' title='bbox 388 1670 522 1723; x_wconf 67' lang='lat' dir='ltr'><strong>hiberniuat,</strong></span> <span class='ocrx_word' id='word_1_166' title='bbox 530 1672 650 1733; x_wconf 89' lang='lat' dir='ltr'><strong>juventute</strong></span> <span class='ocrx_word' id='word_1_167' title='bbox 660 1672 719 1719; x_wconf 71' lang='lat' dir='ltr'><strong>lecti</strong></span> <span class='ocrx_word' id='word_1_168' title='bbox 729 1675 753 1719; x_wconf 91' lang='lat' dir='ltr'><strong>in</strong></span> <span class='ocrx_word' id='word_1_169' title='bbox 762 1675 822 1722; x_wconf 79' lang='lat' dir='ltr'><strong>claa-</strong></span> 
     </span>
     <span class='ocr_line' id='line_1_23' title="bbox 80 1735 822 1864; baseline 0.003 -15"><span class='ocrx_word' id='word_1_170' title='bbox 80 1741 83 1750; x_wconf 72' lang='grc'><strong>’</strong></span> <span class='ocrx_word' id='word_1_171' title='bbox 148 1734 822 1864; x_wconf 55' lang='lat' dir='ltr'><strong>run</strong></span> 
     </span>
    </p>

    <p class='ocr_par' dir='ltr' id='par_1_11' title="bbox 145 1836 828 2515">
     <span class='ocr_line' id='line_1_24' title="bbox 813 1836 822 1859; baseline 0 0"><span class='ocrx_word' id='word_1_172' title='bbox 813 1836 822 1859; x_wconf 68' lang='lat'><em>9</em></span> 
     </span>
     <span class='ocr_line' id='line_1_25' title="bbox 149 1866 824 1931; baseline 0.003 -18"><span class='ocrx_word' id='word_1_173' title='bbox 149 1867 194 1913; x_wconf 90' lang='lat' dir='ltr'><strong>duo</strong></span> <span class='ocrx_word' id='word_1_174' title='bbox 204 1866 275 1913; x_wconf 84' lang='lat' dir='ltr'><strong>fenne</strong></span> <span class='ocrx_word' id='word_1_175' title='bbox 282 1868 382 1927; x_wconf 88' lang='lat' dir='ltr'><strong>equitum</strong></span> <span class='ocrx_word' id='word_1_176' title='bbox 393 1866 494 1928; x_wconf 68' lang='lat' dir='ltr'><strong>trajecit:</strong></span> <span class='ocrx_word' id='word_1_177' title='bbox 515 1866 670 1927; x_wconf 76' lang='lat' dir='ltr'>Genuamque,</span> <span class='ocrx_word' id='word_1_178' title='bbox 682 1868 752 1915; x_wconf 82' lang='lat' dir='ltr'><strong>nullis</strong></span> <span class='ocrx_word' id='word_1_179' title='bbox 762 1884 824 1931; x_wconf 76' lang='lat' dir='ltr'><strong>prae-</strong></span> 
     </span>
     <span class='ocr_line' id='line_1_26' title="bbox 148 1931 826 1992; baseline 0.004 -13"><span class='ocrx_word' id='word_1_180' title='bbox 148 1933 210 1979; x_wconf 83' lang='lat' dir='ltr'><strong>aidiia</strong></span> <span class='ocrx_word' id='word_1_181' title='bbox 223 1931 356 1979; x_wconf 74' lang='lat' dir='ltr'><strong>maritimam</strong></span> <span class='ocrx_word' id='word_1_182' title='bbox 371 1947 433 1977; x_wconf 90' lang='lat' dir='ltr'><strong>oram</strong></span> <span class='ocrx_word' id='word_1_183' title='bbox 447 1931 579 1985; x_wconf 78' lang='lat' dir='ltr'><strong>tutantibus,</strong></span> <span class='ocrx_word' id='word_1_184' title='bbox 596 1932 712 1992; x_wconf 89' lang='lat' dir='ltr'><strong>repentino</strong></span> <span class='ocrx_word' id='word_1_185' title='bbox 723 1934 826 1982; x_wconf 78' lang='lat' dir='ltr'><strong>adveattu</strong></span> 
     </span>
     <span class='ocr_line' id='line_1_27' title="bbox 147 1995 826 2061; baseline 0 -17"><span class='ocrx_word' id='word_1_186' title='bbox 147 1998 220 2059; x_wconf 80' lang='lat' dir='ltr'><strong>cepit:</strong></span> <span class='ocrx_word' id='word_1_187' title='bbox 243 1998 295 2043; x_wconf 84' lang='lat' dir='ltr'><strong>iude</strong></span> <span class='ocrx_word' id='word_1_188' title='bbox 313 1998 341 2043; x_wconf 85' lang='lat' dir='ltr'><strong>ad</strong></span> <span class='ocrx_word' id='word_1_189' title='bbox 361 2012 423 2044; x_wconf 87' lang='lat' dir='ltr'><strong>oram</strong></span> <span class='ocrx_word' id='word_1_190' title='bbox 441 1995 553 2059; x_wconf 86' lang='lat' dir='ltr'><strong>Ligurum</strong></span> <span class='ocrx_word' id='word_1_191' title='bbox 568 1996 711 2057; x_wconf 75' lang='lat' dir='ltr'><strong>Alpinorum,</strong></span> <span class='ocrx_word' id='word_1_192' title='bbox 729 1998 749 2044; x_wconf 80' lang='lat' dir='ltr'><strong>si</strong></span> <span class='ocrx_word' id='word_1_193' title='bbox 766 2015 826 2061; x_wconf 76' lang='lat' dir='ltr'><strong>quor</strong></span> 
     </span>
     <span class='ocr_line' id='line_1_28' title="bbox 145 2061 824 2126; baseline 0.004 -18"><span class='ocrx_word' id='word_1_194' title='bbox 145 2063 177 2108; x_wconf 70' lang='lat' dir='ltr'><strong>soi</strong></span> <span class='ocrx_word' id='word_1_195' title='bbox 195 2069 271 2109; x_wconf 76' lang='lat' dir='ltr'><strong>motus</strong></span> <span class='ocrx_word' id='word_1_196' title='bbox 288 2061 362 2108; x_wconf 83' lang='lat' dir='ltr'><strong>faeere</strong></span> <span class='ocrx_word' id='word_1_197' title='bbox 379 2069 463 2124; x_wconf 77' lang='lat' dir='ltr'><strong>posset,</strong></span> <span class='ocrx_word' id='word_1_198' title='bbox 480 2061 573 2108; x_wconf 76' lang='lat' dir='ltr'><strong>classem</strong></span> <span class='ocrx_word' id='word_1_199' title='bbox 591 2062 682 2123; x_wconf 83' lang='lat' dir='ltr'><strong>appulit.</strong></span> <span class='ocrx_word' id='word_1_200' title='bbox 723 2062 824 2126; x_wconf 83' lang='lat' dir='ltr'><strong>Ingauni</strong></span> 
     </span>
     <span class='ocr_line' id='line_1_29' title="bbox 150 2124 824 2190; baseline 0.01 -19"><span class='ocrx_word' id='word_1_201' title='bbox 150 2126 275 2189; x_wconf 82' lang='lat' dir='ltr'><strong>(Ligurum</strong></span> <span class='ocrx_word' id='word_1_202' title='bbox 286 2142 313 2173; x_wconf 86' lang='lat' dir='ltr'><strong>ea</strong></span> <span class='ocrx_word' id='word_1_203' title='bbox 319 2142 378 2189; x_wconf 79' lang='lat' dir='ltr'><strong>gena</strong></span> <span class='ocrx_word' id='word_1_204' title='bbox 388 2125 434 2187; x_wconf 82' lang='lat' dir='ltr'><strong>eat)</strong></span> <span class='ocrx_word' id='word_1_205' title='bbox 444 2126 527 2173; x_wconf 85' lang='lat' dir='ltr'><strong>bellum</strong></span> <span class='ocrx_word' id='word_1_206' title='bbox 536 2124 563 2172; x_wconf 82' lang='lat' dir='ltr'><strong>ei</strong></span> <span class='ocrx_word' id='word_1_207' title='bbox 569 2134 703 2189; x_wconf 77' lang='lat' dir='ltr'><strong>tempestate</strong></span> <span class='ocrx_word' id='word_1_208' title='bbox 712 2130 824 2190; x_wconf 85' lang='lat' dir='ltr'><strong>gerebant</strong></span> 
     </span>
     <span class='ocr_line' id='line_1_30' title="bbox 150 2190 825 2254; baseline 0.009 -17"><span class='ocrx_word' id='word_1_209' title='bbox 150 2206 203 2237; x_wconf 88' lang='lat' dir='ltr'><strong>oum</strong></span> <span class='ocrx_word' id='word_1_210' title='bbox 221 2191 350 2253; x_wconf 72' lang='lat' dir='ltr'><strong>Epanteriis</strong></span> <span class='ocrx_word' id='word_1_211' title='bbox 368 2192 490 2239; x_wconf 79' lang='lat' dir='ltr'><strong>montanis.</strong></span> <span class='ocrx_word' id='word_1_212' title='bbox 525 2190 599 2254; x_wconf 87' lang='lat' dir='ltr'><strong>Igitur</strong></span> <span class='ocrx_word' id='word_1_213' title='bbox 615 2190 709 2246; x_wconf 73' lang='lat' dir='ltr'><strong>Poenus,</strong></span> <span class='ocrx_word' id='word_1_214' title='bbox 732 2194 825 2244; x_wconf 83' lang='lat' dir='ltr'><strong>Savone</strong></span> 
     </span>
     <span class='ocr_line' id='line_1_31' title="bbox 149 2254 825 2320; baseline 0.009 -19"><span class='ocrx_word' id='word_1_215' title='bbox 149 2256 231 2317; x_wconf 85' lang='lat' dir='ltr'><strong>oppido</strong></span> <span class='ocrx_word' id='word_1_216' title='bbox 243 2254 328 2317; x_wconf 83' lang='lat' dir='ltr'><strong>Alpino</strong></span> <span class='ocrx_word' id='word_1_217' title='bbox 338 2255 414 2317; x_wconf 72' lang='lat' dir='ltr'><strong>praedi</strong></span> <span class='ocrx_word' id='word_1_218' title='bbox 424 2254 531 2319; x_wconf 76' lang='lat' dir='ltr'><strong>depositi,</strong></span> <span class='ocrx_word' id='word_1_219' title='bbox 543 2265 567 2303; x_wconf 87' lang='lat' dir='ltr'><strong>et</strong></span> <span class='ocrx_word' id='word_1_220' title='bbox 578 2258 655 2303; x_wconf 87' lang='lat' dir='ltr'><strong>decem</strong></span> <span class='ocrx_word' id='word_1_221' title='bbox 665 2258 742 2320; x_wconf 81' lang='lat' dir='ltr'><strong>longis</strong></span> <span class='ocrx_word' id='word_1_222' title='bbox 758 2261 825 2308; x_wconf 85' lang='lat' dir='ltr'><strong>navi-</strong></span> 
     </span>
     <span class='ocr_line' id='line_1_32' title="bbox 148 2320 825 2382; baseline 0.013 -17"><span class='ocrx_word' id='word_1_223' title='bbox 148 2321 191 2365; x_wconf 80' lang='lat' dir='ltr'><strong>bus</strong></span> <span class='ocrx_word' id='word_1_224' title='bbox 201 2321 225 2365; x_wconf 90' lang='lat' dir='ltr'><strong>in</strong></span> <span class='ocrx_word' id='word_1_225' title='bbox 236 2320 332 2365; x_wconf 75' lang='lat' dir='ltr'><strong>aratione</strong></span> <span class='ocrx_word' id='word_1_226' title='bbox 342 2320 370 2366; x_wconf 87' lang='lat' dir='ltr'><strong>ud</strong></span> <span class='ocrx_word' id='word_1_227' title='bbox 380 2322 508 2382; x_wconf 83' lang='lat' dir='ltr'><strong>praeoidium</strong></span> <span class='ocrx_word' id='word_1_228' title='bbox 519 2323 609 2376; x_wconf 84' lang='lat' dir='ltr'><strong>relictis,</strong></span> <span class='ocrx_word' id='word_1_229' title='bbox 622 2325 710 2370; x_wconf 81' lang='lat' dir='ltr'><strong>caeteris</strong></span> <span class='ocrx_word' id='word_1_230' title='bbox 726 2320 825 2374; x_wconf 80' lang='lat' dir='ltr'><strong>Cartha·</strong></span> 
     </span>
     <span class='ocr_line' id='line_1_33' title="bbox 148 2383 828 2451; baseline 0.018 -25"><span class='ocrx_word' id='word_1_231' title='bbox 148 2383 226 2443; x_wconf 83' lang='lat' dir='ltr'><strong>ginem</strong></span> <span class='ocrx_word' id='word_1_232' title='bbox 236 2384 310 2428; x_wconf 78' lang='lat' dir='ltr'><strong>mimia</strong></span> <span class='ocrx_word' id='word_1_233' title='bbox 320 2383 462 2433; x_wconf 82' lang='lat' dir='ltr'><strong>adtuendam</strong></span> <span class='ocrx_word' id='word_1_234' title='bbox 474 2388 607 2435; x_wconf 82' lang='lat' dir='ltr'><strong>maritinmm</strong></span> <span class='ocrx_word' id='word_1_235' title='bbox 619 2402 688 2442; x_wconf 86' lang='lat' dir='ltr'><strong>oram,</strong></span> <span class='ocrx_word' id='word_1_236' title='bbox 701 2390 754 2451; x_wconf 85' lang='lat' dir='ltr'><strong>quia</strong></span> <span class='ocrx_word' id='word_1_237' title='bbox 763 2390 828 2440; x_wconf 83' lang='lat' dir='ltr'><strong>fama</strong></span> 
     </span>
     <span class='ocr_line' id='line_1_34' title="bbox 149 2448 825 2515; baseline 0.018 -25"><span class='ocrx_word' id='word_1_238' title='bbox 149 2454 197 2492; x_wconf 82' lang='lat' dir='ltr'><strong>erat</strong></span> <span class='ocrx_word' id='word_1_239' title='bbox 208 2448 336 2507; x_wconf 78' lang='lat' dir='ltr'><strong>Scipionem</strong></span> <span class='ocrx_word' id='word_1_240' title='bbox 347 2450 491 2511; x_wconf 83' lang='lat' dir='ltr'><strong>trojeoturum</strong></span> <span class='ocrx_word' id='word_1_241' title='bbox 503 2468 560 2505; x_wconf 79' lang='lat' dir='ltr'><strong>esne,</strong></span> <span class='ocrx_word' id='word_1_242' title='bbox 577 2454 631 2515; x_wconf 81' lang='lat' dir='ltr'><strong>ipre,</strong></span> <span class='ocrx_word' id='word_1_243' title='bbox 648 2456 756 2501; x_wconf 76' lang='lat' dir='ltr'><strong>societate</strong></span> <span class='ocrx_word' id='word_1_244' title='bbox 770 2471 825 2503; x_wconf 88' lang='lat' dir='ltr'><strong>oum</strong></span> 
     </span>
    </p>
   </div>
   <div class='ocr_carea' id='block_1_11' title="bbox 146 2507 827 2710">
    <p class='ocr_par' dir='ltr' id='par_1_12' title="bbox 146 2507 827 2710">
     <span class='ocr_line' id='line_1_35' title="bbox 150 2507 827 2587; baseline 0.022 -34"><span class='ocrx_word' id='word_1_245' title='bbox 150 2507 273 2585; x_wconf 57' lang='lat' dir='ltr'><strong>Ingauuia</strong></span> <span class='ocrx_word' id='word_1_246' title='bbox 281 2526 376 2587; x_wconf 81' lang='lat' dir='ltr'><strong>quorum</strong></span> <span class='ocrx_word' id='word_1_247' title='bbox 387 2518 483 2576; x_wconf 80' lang='lat' dir='ltr'><strong>gratiam</strong></span> <span class='ocrx_word' id='word_1_248' title='bbox 494 2518 596 2571; x_wconf 81' lang='lat' dir='ltr'><strong>malebat,</strong></span> <span class='ocrx_word' id='word_1_249' title='bbox 604 2517 740 2580; x_wconf 76' lang='lat' dir='ltr'><strong>uompoaiti,</strong></span> <span class='ocrx_word' id='word_1_250' title='bbox 757 2536 827 2568; x_wconf 88' lang='lat' dir='ltr'><strong>mou-</strong></span> 
     </span>
     <span class='ocr_line' id='line_1_36' title="bbox 147 2580 827 2641; baseline 0.025 -24"><span class='ocrx_word' id='word_1_251' title='bbox 147 2580 214 2619; x_wconf 82' lang='lat' dir='ltr'><strong>tanoo</strong></span> <span class='ocrx_word' id='word_1_252' title='bbox 221 2582 318 2621; x_wconf 75' lang='lat' dir='ltr'><strong>ruatrturt</strong></span> <span class='ocrx_word' id='word_1_253' title='bbox 328 2593 465 2641; x_wconf 73' lang='lat' dir='ltr'><strong>oppugnare.</strong></span> <span class='ocrx_word' id='word_1_254' title='bbox 501 2582 534 2629; x_wconf 84' lang='lat' dir='ltr'><strong>Et</strong></span> <span class='ocrx_word' id='word_1_255' title='bbox 549 2584 662 2631; x_wconf 81' lang='lat' dir='ltr'><strong>crescebat</strong></span> <span class='ocrx_word' id='word_1_256' title='bbox 674 2584 789 2631; x_wconf 80' lang='lat' dir='ltr'><strong>exercitus</strong></span> <span class='ocrx_word' id='word_1_257' title='bbox 799 2586 827 2633; x_wconf 87' lang='lat' dir='ltr'><strong>in</strong></span> 
     </span>
     <span class='ocr_line' id='line_1_37' title="bbox 146 2637 827 2710; baseline 0.025 -28"><span class='ocrx_word' id='word_1_258' title='bbox 146 2637 202 2690; x_wconf 80' lang='lat' dir='ltr'><strong>dieo,</strong></span> <span class='ocrx_word' id='word_1_259' title='bbox 214 2638 242 2684; x_wconf 80' lang='lat' dir='ltr'><strong>ad</strong></span> <span class='ocrx_word' id='word_1_260' title='bbox 251 2638 335 2687; x_wconf 79' lang='lat' dir='ltr'><strong>famma</strong></span> <span class='ocrx_word' id='word_1_261' title='bbox 346 2645 443 2692; x_wconf 72' lang='lat' dir='ltr'><strong>nominis</strong></span> <span class='ocrx_word' id='word_1_262' title='bbox 453 2648 502 2708; x_wconf 76' lang='lat' dir='ltr'><strong>ejus</strong></span> <span class='ocrx_word' id='word_1_263' title='bbox 514 2648 587 2695; x_wconf 83' lang='lat' dir='ltr'><strong>Gallia</strong></span> <span class='ocrx_word' id='word_1_264' title='bbox 598 2648 696 2710; x_wconf 81' lang='lat' dir='ltr'><strong>undique</strong></span> <span class='ocrx_word' id='word_1_265' title='bbox 704 2649 827 2698; x_wconf 84' lang='lat' dir='ltr'><strong>confluen-</strong></span> 
     </span>
    </p>
   </div>
   <div class='ocr_carea' id='block_1_12' title="bbox 145 2701 827 2777">
    <p class='ocr_par' dir='ltr' id='par_1_13' title="bbox 145 2701 827 2777">
     <span class='ocr_line' id='line_1_38' title="bbox 145 2701 827 2777; baseline 0 -15"><span class='ocrx_word' id='word_1_266' title='bbox 145 2701 212 2751; x_wconf 54' lang='grc' dir='ltr'><strong>ΨΜ·</strong></span> <span class='ocrx_word' id='word_1_267' title='bbox 247 2702 827 2777; x_wconf 53' lang='lat' dir='ltr'><strong>Eatwucoguaspaunutaeauem</strong></span> 
     </span>
    </p>
   </div>
   <div class='ocr_carea' id='block_1_13' title="bbox 0 0 944 2917">
    <p class='ocr_par' dir='ltr' id='par_1_14' title="bbox 0 0 944 2917">
     <span class='ocr_line' id='line_1_39' title="bbox 0 0 944 2917; baseline 0 0"><span class='ocrx_word' id='word_1_268' title='bbox 0 0 944 2917; x_wconf 95' lang='lat' dir='ltr'><strong> </strong></span> 
     </span>
    </p>
   </div>
  </div>
 </body>
</html>
