1850 2917
178 136 231 182 896
288 130 323 183 T,
334 129 423 181 LIVII
439 131 493 182 Lm.
506 129 593 180 XXX.
611 127 671 180 Car.
684 116 727 177 aa:

178 261 246 310 simul
261 261 332 309 tristia
349 262 528 308 obversabantur·
562 259 625 314 Quae
639 260 695 321 ipsis
710 256 753 306 sud
766 267 853 322 sponte

179 339 226 374 non
242 327 406 381 succurrebant,
424 341 451 374 ea
469 325 537 370 duces
553 324 694 371 admonendo
708 331 777 384 atque
795 324 852 371 lior-

178 391 246 448 taudo
263 392 387 454 subjiciunt.
423 391 509 437 Poenus
520 390 616 436 sedecim
626 403 737 436 annorum
748 389 771 434 in
786 387 851 436 terrai

178 453 245 504 ttulit
261 471 297 504 res
312 463 396 518 gestas,
416 463 450 502 tot
466 455 534 500 duces
547 455 671 507 Romanos,
687 460 722 500 tot
733 453 849 500 execims

178 520 293 568 occidione
308 521 401 574 occisos,
418 527 442 566 et
457 534 498 565 sua
513 520 593 579 cuique
607 519 695 570 decora,
712 518 751 564 ubi
765 517 796 564 ad
810 519 850 564 in-

177 585 267 646 signem
285 585 378 648 alicujus
396 599 480 646 pugnae
501 581 609 630 memorii
630 584 724 629 militem
745 591 848 636 venosa

177 649 292 696 rderdsat.
337 649 411 712 Scipio
429 648 558 710 Hispanias,
575 656 600 694 et
614 647 712 694 recentia
725 647 750 692 in
766 646 849 694 Africa

178 714 264 776 proelia,
287 721 310 760 et
326 713 489 760 consessionem
506 713 612 765 hostium,
634 712 695 772 quod
709 726 785 771 neque
800 727 847 758 nou

176 786 253 840 petere
267 793 345 840 paoem
361 785 452 840 propter
467 784 560 830 meum,
580 791 653 837 neque
671 786 763 822 manere
778 777 803 821 in
819 773 848 823 ed

175 841 301 904 praeinsitd
316 843 396 889 animis
411 839 509 904 perfidit,
526 842 665 903 potuissenta
684 841 712 886 ad
728 841 779 893 hoc,
798 841 847 887 col-
921 886 922 895 ,

174 905 275 967 loquium
293 906 432 960 Hannibalis,
449 906 474 952 in
490 915 575 952 secreto
591 906 696 958 habiturn,
713 920 740 951 ac
750 905 846 952 liberum

174 969 276 1032 fingenti,
294 970 338 1031 qud
352 972 412 1023 velit,
430 969 498 1015 flecti.
532 970 659 1022 Ominum,
676 969 845 1030 quibusquam
921 992 922 1001 κ

175 1033 227 1082 darn
243 1034 345 1096 auspiciis
360 1042 434 1097 patres
449 1049 526 1080 eorum
542 1034 691 1095 pugnaverint
706 1033 736 1078 ad
746 1033 844 1094 AEgates
921 1068 922 1089 ,

175 1099 266 1154 insulas,
279 1115 306 1146 ea
314 1099 358 1145 illis
366 1099 498 1145 exeuntibus
504 1099 528 1143 in
536 1099 606 1144 aciem
614 1098 753 1159 portendisse
761 1097 840 1145 Deos:
921 1098 922 1103 ’

176 1163 293 1210 “Adesse
306 1162 373 1209 linem
392 1162 443 1208 belli
459 1178 486 1209 ac
501 1163 589 1208 laboris.
625 1161 653 1207 Iu
672 1162 775 1207 mamlius
792 1178 843 1209 esae
921 1148 922 1171 ¹

176 1227 274 1289 praedam
286 1225 435 1288 Carthaginis,
448 1227 543 1272 reditum
554 1226 645 1272 domum
659 1226 683 1271 in
698 1227 800 1287 patriam,
814 1227 842 1273 ad

141 1293 143 1298 '
174 1299 284 1353 parentes,
293 1291 380 1345 hlseros,
391 1292 505 1352 conjuges,
518 1289 657 1350 penatesque
667 1289 761 1336 Deos”
787 1289 843 1339 Cel·

175 1371 214 1403 sus
227 1357 277 1404 haec
291 1371 390 1417 corpore,
411 1356 518 1414 vultuque
531 1355 564 1401 ita
576 1355 637 1407 laeto,
656 1362 681 1400 ut
698 1355 779 1402 vicisse
792 1357 841 1417 jam

175 1421 283 1474 aderas,
301 1420 393 1466 dicebas
429 1417 525 1464 Instruit
538 1419 618 1465 deinde
632 1419 716 1479 primos
732 1421 839 1475 hastatos,

174 1494 226 1548 post
236 1500 275 1532 eos
301 1484 408 1544 rincipes:
428 1483 507 1528 triariis
517 1491 651 1544 postremam
662 1484 732 1529 aciem
743 1485 831 1531 clausit.¹

209 1500 335 1596 xxxin.
354 1547 409 1593 Non
420 1547 531 1594 confertas
541 1555 615 1593 autem
623 1548 727 1594 cohortes
737 1557 791 1595 ante
802 1565 841 1598 sua

174 1627 287 1676 quamque
298 1613 362 1674 signa
372 1613 501 1665 instruebat,
513 1613 552 1658 sed
566 1612 690 1672 manipulos
700 1612 840 1672 aliquantum

174 1679 233 1725 inter
251 1693 275 1724 se
293 1677 407 1729 distantes,
427 1683 452 1722 ut
468 1685 527 1722 esset
543 1677 646 1737 spatium,
666 1691 711 1736 quo
727 1678 840 1738 elephanti

173 1743 271 1788 hostium
290 1741 373 1802 accepti
390 1739 445 1786 nihil
465 1741 553 1787 ordines
574 1741 694 1787 turbarent.
742 1740 840 1789 Laelirnn

174 1807 249 1870 (cujus
266 1813 319 1852 ante
334 1805 409 1868 legati,
425 1819 453 1851 eo
468 1819 527 1852 anno
543 1805 660 1865 questoris
677 1813 742 1852 extra
755 1815 840 1854 sortem

171 1885 201 1918 ex
212 1869 422 1922 senatds-cousulto,
431 1868 498 1930 operi
509 1866 621 1928 utebatur)
628 1883 680 1914 cum
688 1869 770 1917 Italico
777 1873 840 1932 equi-

117 1989 118 1992 ,
170 1943 219 1984 tatu
235 1936 262 1981 al)
279 1933 369 1980 sinistro
386 1949 462 1988 cornu,
482 1933 625 1980 Masinissam
641 1933 799 1996 Numidasque
813 1937 842 1983 ab

117 2049 122 2056 ,
171 2001 250 2047 dextro
262 1998 379 2061 opposuit:
398 1998 445 2044 vias
459 2004 561 2059 patentes
570 1999 629 2044 inter
639 1999 767 2060 manipulos
777 2009 840 2047 aute-

170 2065 314 2126 signanorum
330 2061 432 2108 velitibus
448 2063 487 2125 (ea
504 2070 558 2108 tunc
575 2063 632 2109 levis
649 2071 763 2110 annatura
778 2065 837 2125 erat)

171 2125 305 2188 complevit3
322 2126 374 2172 dato
384 2132 503 2188 praeoepto,
517 2134 550 2180 ut,
565 2127 594 2172 ad
608 2127 716 2188 impeturn
731 2128 838 2190 elephan-

169 2200 252 2244 torum,
272 2197 311 2236 aut
326 2197 378 2250 post
393 2197 467 2238 raetos
483 2190 611 2253 redigerent
628 2191 725 2245 ordines,
746 2201 793 2247 aut,
813 2194 837 2240 ln

169 2256 270 2302 dextram
280 2255 404 2312 laevamque
415 2255 516 2302 discursu
526 2255 660 2316 applicantes
670 2271 696 2302 se
706 2258 837 2319 antssigua-

169 2319 210 2371 nis‚
224 2319 289 2369 riam,
302 2315 346 2374 qud
358 2317 468 2364 irruerent
480 2319 504 2364 in
521 2319 624 2380 ancipitia
637 2319 690 2373 tela,
706 2321 837 2369 belluisda-
921 2324 922 2375 ζ

167 2388 225 2429 rent.
269 2379 390 2434 Hannibal,
410 2383 438 2428 ad
458 2391 567 2430 terrorem
582 2384 686 2444 primum,
703 2385 836 2446 άφὴιηιω
921 2394 922 2435 3

166 2443 294 2506 (octogiuta
304 2448 377 2489 autern
392 2453 462 2499 mant,
482 2454 539 2507 quot
554 2445 621 2493 nulli·
631 2462 730 2507 unquam
745 2450 771 2495 iu
786 2452 835 2497 seia

163 2511 218 2557 ante
235 2503 351 2566 habuerat)
373 2509 493 2558 instruunt:
519 2511 600 2558 deiude
618 2512 700 2559 auxilia
720 2512 834 2575 ligurum

163 2567 334 2630 Gallorumque,
362 2571 491 2620 Balearibus
513 2574 784 2643 Maurisqua‘admlxtiu
806 2579 843 2624 ist·

131 2699 136 2721 ἱ
161 2629 259 2682 secundi
268 2633 316 2683 acie
332 2632 530 2700 Carthaginenses
544 2639 664 2706 Afrosque,
681 2648 706 2690 et
716 2640 844 2692 ’Μωοὼμ
