1850 2917
141 126 191 171 sss
238 118 268 169 Τ.
282 109 370 167 mvn
386 116 439 167 Lus
453 116 578 167 xxvm.
597 117 657 185 cas.
669 120 710 167 aa.

70 258 75 269 ¹
145 254 183 307 aas
193 256 270 311 gesur
280 249 353 311 magis
363 255 448 295 tentata
457 254 493 295 est
505 249 611 311 triumphi
622 263 678 310 spes,
690 261 758 309 quam
773 263 815 311 pe-

146 314 188 363 tite
197 315 351 376 pertinaciter3
367 313 418 373 quia
429 313 540 360 nminem
556 313 584 359 ad
600 328 648 359 eam
663 313 721 360 diem
732 314 816 361 trium·

145 377 232 441 phdsse,
250 378 289 439 qui
305 379 353 441 sine
365 377 498 438 magistratu
511 392 547 423 res
561 378 674 439 gessisset,
686 378 812 425 constabat.

145 444 232 501 Senatu
242 444 317 495 misso,
335 444 411 488 urbem
428 449 464 487 est
477 442 598 503 ingressus,
619 443 750 503 argentique
766 458 816 505 pne

146 522 173 556 ae
182 507 207 554 in
221 508 323 554 aerarium
339 506 390 551 sulit
408 506 572 566 quatuordecim
591 507 659 553 millia
677 508 752 569 pondo
768 515 817 553 tre·

80 592 86 605 ⁴
148 579 213 619 oenta
221 563 365 632 quadraginin
375 571 426 625 duo,
437 578 461 616 et
470 571 550 632 signati
558 572 643 631 argenti
655 586 762 632 magnum
771 587 816 617 nu-

145 651 241 685 merum.
278 634 376 682 Comitia
385 635 436 680 inde
446 635 546 681 creandis
557 636 682 681 consulibus
693 636 770 681 habuit
780 634 812 681 L.

147 700 257 755 Veturius
273 698 352 745 Philo:
371 699 520 759 centuriaeque
536 714 614 745 omnes
630 700 716 760 ingenti
735 699 817 747 favore

148 764 178 819 Ρ.
192 764 318 826 Scipionem
337 763 450 809 consulem
468 764 577 809 dixerunt„
613 762 708 825 Collega
726 761 817 811 additur

146 830 170 877 ei
181 827 209 875 Ρ.
221 827 321 874 Licinius
330 825 425 874 Crassus
435 826 537 888 pontifex
544 827 660 873 maximus.
688 826 817 881 Ceterum,

147 893 241 940 comitia
250 894 340 953 majore,
358 906 424 951 quam
441 892 486 937 ulla
501 908 540 953 per
558 893 581 938 id
598 892 687 944 bellum,
704 892 817 939 celebrata

148 955 281 1016 frequentiis,
289 955 399 1016 proditum
410 956 524 1002 memoriae
532 964 573 1002 est.
604 954 762 1004 Convenerunt
769 970 818 1001 un-

146 1022 223 1082 dique,
230 1034 276 1065 non
283 1017 416 1081 suffragandi
423 1020 497 1072 modo,
508 1020 619 1067 sedetiam
629 1020 739 1082 spectandi
745 1019 817 1067 causi

146 1084 179 1135 Ρ.
191 1084 228 1131 Sci
243 1084 313 1131 'onim
332 1085 533 1144 concurrebantque
543 1092 567 1130 et
577 1086 667 1131 domum
676 1085 812 1144 frequentes,

148 1149 207 1205 etin
220 1100 354 1210 dipitolium
371 1149 399 1194 ad
414 1149 565 1195 immolantem
581 1164 639 1201 eum,
658 1164 711 1203 curn
720 1156 813 1197 centum

145 1216 221 1269 ,bubus
239 1214 298 1259 volis
316 1214 340 1258 in
359 1210 469 1273 Hispaniis
483 1210 538 1259 Jovi
554 1212 697 1259 sacrificaret:
717 1212 816 1273 spondef

146 1280 249 1338 ‚unaue
265 1277 351 1329 animis,
371 1276 429 1322 sicut
447 1273 476 1322 C.
494 1274 598 1323 Lutatius
615 1277 713 1338 superius
729 1276 815 1323 bellum

57 1328 62 1341 ’
145 1340 262 1394 Punicum
272 1340 365 1391 finisset,
376 1339 408 1385 ita
417 1339 446 1390 id,
458 1340 518 1398 quod
528 1341 627 1393 instaret,
645 1340 672 1386 Ρ.
682 1338 815 1388 Cornelium

148 1405 265 1466 finiturum
274 1421 283 1461 ;
299 1412 372 1464 atque,
389 1410 416 1448 ut
432 1402 542 1465 Hispanid
561 1404 621 1451 omni
639 1404 723 1451 Poenos
742 1418 816 1467 expu-

125 1475 128 1481 '
145 1470 221 1527 Jisset,
238 1469 269 1515 aie
282 1466 347 1514 Italisi
359 1467 474 1529 pulsurum
489 1484 551 1515 esse:
571 1468 714 1528 Africamque
724 1469 751 1523 ei,
763 1485 817 1530 per-

147 1535 204 1597 inde
218 1549 244 1579 ac
258 1533 388 1579 debellatum
399 1532 423 1577 in
434 1530 499 1579 Italis
508 1532 573 1587 foret,
591 1534 727 1594 provinciam
745 1534 817 1580 desti-

147 1600 240 1659 nabant.
275 1595 386 1643 Praetoria
401 1596 452 1643 inde
469 1597 558 1643 comitia
574 1597 658 1643 habita:
678 1598 745 1644 creati
759 1598 814 1654 duo,

147 1664 190 1723 ¹qui
209 1669 257 1707 tum
275 1661 350 1707 aediles
366 1661 436 1723 plebis
451 1668 520 1714 erant,
540 1662 578 1723 Sp.
593 1660 711 1708 [lucretius
727 1670 750 1709 et
763 1658 813 1711 Cn.

148 1726 267 1779 Octavius,
285 1732 308 1771 et
322 1740 351 1771 ex
366 1726 458 1787 privatis
478 1724 521 1774 Cn.
537 1725 642 1773 Servilius
654 1725 732 1789 Caepio
746 1735 771 1775 et
782 1727 813 1775 L.

147 1790 260 1843 AEmiliua
276 1788 358 1851 Papus
394 1790 566 1844 Quartodecimo
587 1805 646 1836 anno
663 1789 743 1839 Punici
760 1793 817 1839 belli

150 1854 181 1903 P.
195 1853 314 1903 Cornelius
325 1854 398 1915 Scipio
417 1861 440 1900 et
454 1852 482 1900 P.
493 1852 593 1900 Licinius
605 1852 700 1903 Crassus
717 1865 742 1904 ut
758 1872 818 1904 con-

151 1920 359 1972 mutaminiemnt,
367 1919 486 1965 nominatae
494 1917 620 1965 consilibus
626 1921 817 1981 provinciaesunt,

153 1985 229 2032 Sicilia
238 1986 334 2046 Scipioni
345 1990 408 2038 satra
415 1990 504 2035 sortem,
515 1984 651 2031 concedente
659 1984 750 2047 collegi,
762 1988 820 2047 quis

150 2063 266 2098 sacrorum
277 2064 330 2095 cura
339 2046 465 2109 pontificem
481 2048 602 2093 maximum
615 2048 638 2094 in
655 2047 719 2095 Italia
733 2051 819 2098 retine-

146 2114 207 2170 ,ως
224 2111 306 2159 Bruttii
323 2108 412 2159 Crasso.
446 2108 507 2156 Tum
526 2112 636 2172 praetoriae
654 2114 774 2174 provinciae
793 2117 819 2166 in

151 2183 238 2225 sortem
249 2178 369 2238 conjectae:
390 2176 472 2221 urbana
489 2172 531 2223 Cn.
547 2176 640 2223 Servilio
657 2178 742 2240 obtigif,
761 2179 820 2227 Ari-

152 2240 239 2287 minum
251 2239 292 2301 (ita
300 2238 396 2285 Gelliam
404 2238 551 2301 appellabant)
565 2241 602 2303 Sp.
615 2241 728 2297 Lucretio,
741 2244 820 2291 Sicilia

152 2303 185 2352 L
198 2304 297 2355 AEmilio,
311 2300 354 2348 Cn.
365 2301 461 2351 Octavio
473 2304 579 2352 Sardinia.
618 2307 714 2353 Senatus
730 2308 753 2353 in
768 2306 819 2356 Ca.

150 2368 231 2430 pitolio
247 2366 345 2411 habitus:
365 2366 401 2419 ibi,
420 2369 528 2416 referente
544 2368 571 2415 P.
587 2370 697 2431 Scipione,
715 2370 820 2419 seneffia-

145 2431 278 2481 ,oonsultum
288 2429 421 2485 factumest,
431 2440 463 2486 ut,
476 2449 532 2493 quos
542 2433 606 2481 ludos
617 2435 675 2481 inter
686 2436 819 2484 seditionem

151 2495 269 2542 militarem
283 2493 306 2538 in
318 2492 428 2555 Hispanid
438 2498 544 2552 vovisset,
561 2514 590 2545 ex
600 2497 627 2546 ed
636 2497 736 2561 pecunii,
748 2516 818 2561 quam

150 2558 200 2620 ipse
210 2558 234 2601 in
244 2557 344 2614 aerarium
355 2560 476 2616 detulisset,
488 2562 579 2611 faceret.
806 2612 811 2621 ,

145 2655 150 2683 .-
185 2619 309 2684 xxxix
327 2622 388 2675 Tum
397 2622 816 2695 Saguntinorumlegstoainsenstunp
