1850 2917
180 151 227 198 tis
290 145 319 196 Τ.
331 145 418 196 Ltvn
435 145 488 197 tn
502 145 599 194 xxvi
618 143 730 200 cussa

177 291 202 334 re
221 288 272 329 otim
286 277 406 340 majontus
424 283 478 322 natu
499 276 602 338 colloqui,
621 282 646 322 et
664 288 694 328 ex
711 275 847 325 auctoritem

177 356 254 392 contin
265 342 367 388 consules
378 340 476 394 diceres
493 385 499 398 ,
510 341 591 389 Citatis
601 340 703 388 Veturiae
711 341 844 394 sententis«,

178 407 254 465 datum
266 413 350 452 secreto
366 407 389 452 in
404 405 466 452 Ovili
478 421 529 452 cum
543 407 578 451 bis
593 405 733 465 colloquendi
746 413 844 467 tmpus.

178 471 283 520 seniores
294 471 321 518 de
334 471 403 516 tribus
418 470 577 517 consulendum
595 470 698 519 dixerunt
711 485 770 523 esse.
788 471 848 516 dum

178 536 220 591 bus
226 537 274 597 jam
286 536 355 596 plenis
371 536 489 588 honorum,
507 534 540 587 Q.
551 534 621 581 Fabio
634 542 659 580 et
668 533 704 581 M·
718 535 848 591 Muodtor

178 607 210 656 nt,
228 601 247 646 si
262 600 338 660 utique
354 614 438 648 novum
455 599 549 660 aliquem
565 599 672 646 adversus
688 597 777 644 Poenos
794 613 849 645 oon·

179 665 250 712 sulem
267 665 334 711 creari
346 665 434 716 vellent,
447 663 483 709 M.
495 662 609 710 Valerium
622 662 743 709 Laevinum
755 664 849 725 egrsg'oe

179 727 285 776 adversus
296 728 422 789 Philippum
434 743 510 789 regem
521 726 580 774 terri
587 728 686 788 manuue
696 743 731 774 res
739 729 847 788 genusne

179 791 218 843 Ita
228 793 255 840 de
265 793 334 840 tribus
351 793 513 838 consultatione
529 791 587 844 dett,
603 792 725 839 senioribus
741 792 848 846 <timim

178 859 279 922 Juniores
294 855 422 919 suffragium
440 857 525 903 lneunt.
560 855 596 902 Μ.
610 854 729 904 Claudium
748 856 851 904 Marcel

181 923 236 976 lum,
252 921 375 982 fulgentem
387 929 434 967 tum
446 920 521 968 sicuti
532 919 622 973 domiti,
640 928 663 966 et
673 920 710 967 M.
720 919 849 973 vatorum«.

180 987 282 1036 absentes
293 986 394 1032 consides
408 987 519 1031 dixerunt.
553 985 716 1032 Auctoritatem
731 1001 852 1046 praeroga

181 1050 235 1096 tivae
251 1064 329 1096 omnes
345 1051 450 1096 centuriae
467 1057 550 1096 secutae
568 1056 627 1096 sunt.
645 1079 649 1082 ·
668 1049 771 1099 Eludant
790 1065 853 1096 nune

181 1113 271 1174 antiqua
292 1115 410 1160 mirantes:
430 1129 476 1160 non
495 1114 604 1175 equidem,
622 1114 700 1173 sitpta
715 1114 745 1158 sit
761 1115 853 1176 sapien-

182 1179 238 1224 tium
255 1179 339 1232 civitas,
359 1194 425 1238 quem
446 1179 506 1226 docti
527 1179 616 1240 tingunt
634 1178 707 1239 magis
723 1193 792 1238 quom
809 1176 852 1226 nd-

183 1250 243 1297 runt,
269 1251 307 1289 aut
328 1243 437 1304 principes
459 1245 573 1305 grenones
594 1243 853 1304 temperantioresques

182 1308 285 1368 cupidine
299 1308 391 1368 imperii
409 1315 447 1354 aut
462 1308 625 1353 multitudinem
644 1307 723 1352 melius
738 1315 852 1354 moratum

184 1386 286 1418 censeam
300 1371 346 1417 fieri
362 1387 434 1432 posse
471 1370 600 1420 Centuriam
616 1387 670 1418 uero
681 1371 800 1433 juniorum
816 1387 853 1418 se·

182 1436 258 1486 niores
274 1437 388 1482 consulere
404 1436 507 1489 voluisse,
525 1437 603 1496 quibus
614 1437 730 1496 imperium
741 1435 852 1498 suffugio

183 1500 305 1554 mandaret,
328 1501 367 1546 rix
390 1507 415 1546 ut
430 1501 549 1547 verisimile
569 1501 604 1553 sit.
627 1507 742 1561 parentum
761 1516 854 1562 quoque

183 1566 228 1616 hoc
249 1565 331 1612 soeculo
354 1565 402 1611 vilis
423 1565 523 1626 levisque
546 1565 604 1627 apud
626 1565 706 1611 liberos
728 1567 853 1612 auctoritas

218 1693 318 1740 XXIII.
337 1693 446 1742 Praetoria
460 1694 512 1740 inde
525 1694 615 1740 comitia
624 1694 703 1740 habita.
729 1693 768 1740 Ῥ.
779 1693 853 1743 Man·

184 1757 228 1804 lius
239 1757 319 1812 Vulso,
335 1765 358 1804 et
371 1758 400 1804 L.
409 1759 509 1812 Manlius
520 1759 635 1811 Acidinus,
651 1767 674 1804 et
686 1757 715 1805 C·
727 1757 851 1812 Laetorius,

185 1831 209 1870 et
220 1821 249 1872 L
262 1820 353 1870 Cincius
365 1823 498 1876 Admentus,
515 1824 582 1870 creati
597 1830 656 1870 sunt.
691 1821 761 1869 Forte
772 1824 807 1869 ita
816 1824 853 1869 in·

185 1888 245 1942 cidit,
262 1896 288 1934 ut
297 1888 391 1944 comitiis
404 1887 507 1948 perfectis
521 1888 672 1940 nuntiaretun·
680 1886 709 1932 T.
718 1887 851 1940 Otacilium,

185 1968 251 2014 quem
265 1951 295 1998 T.
306 1952 400 2004 Manlio,
418 1952 461 1998 nisi
476 1952 627 2012 interpellatum
640 1951 695 1996 ordo
709 1951 852 1998 comitiorum

185 2025 251 2070 esset,
264 2017 372 2078 collegam
383 2017 496 2064 absentem
507 2016 598 2062 daturus
606 2016 675 2062 fuisse
685 2015 801 2062 videbatur
810 2031 853 2076 po-

184 2081 258 2142 pulus,
272 2088 384 2126 mortuum
395 2082 418 2126 in
431 2078 505 2126 steittt
515 2096 571 2126 esse
606 2080 665 2127 Ludi
676 2080 819 2140 Apollinares
829 2087 854 2127 st

184 2144 258 2205 priore
268 2158 326 2189 anno
336 2144 430 2198 fuerant,
446 2152 476 2196 et,
492 2161 520 2190 eo
529 2159 589 2190 mino
601 2151 627 2190 ut
639 2143 725 2198 fierent,
741 2143 854 2192 referente

186 2206 307 2268 Calpurnio
318 2216 419 2269 praetore,
434 2217 524 2256 senatus
534 2209 638 2262 decrevit,
650 2211 710 2254 utin
720 2215 853 2269 perpetuum

184 2277 326 2318 voverentur.
360 2271 448 2318 Eodem
461 2288 521 2319 anno
530 2273 631 2335 prodigia
641 2274 725 2333 aliquot
734 2273 783 2319 viss
793 2288 855 2320 nun·

185 2336 281 2398 tistsque
292 2342 350 2380 sunt.
386 2334 415 2381 In
426 2337 475 2382 aede
486 2337 626 2390 Concordiae,
640 2337 748 2390 Victoria.
763 2353 816 2396 quse
827 2339 854 2384 iu

186 2399 282 2444 oulmme
296 2406 349 2450 erat,
365 2398 458 2446 fulmine
472 2402 516 2448 icta
529 2403 671 2462 decussaque,
688 2403 717 2447 sd
729 2402 852 2456 Victorias,

183 2477 236 2522 ¹quae
255 2463 278 2506 in
294 2461 395 2510 antefixis
411 2472 481 2518 erent
501 2467 573 2518 haesit,
593 2481 666 2526 neque
680 2467 733 2513 inde
747 2467 851 2528 procidit.

186 2524 220 2572 Et
230 2523 336 2585 Anagniti
346 2534 369 2572 et
380 2525 489 2588 Fregellis
504 2532 628 2578 nuntiatum
642 2539 684 2584 est,
699 2546 789 2578 munim
800 2547 855 2593 por-

186 2595 264 2648 tasque
275 2589 302 2634 de
312 2591 370 2636 ooelo
380 2598 462 2638 tactas:
479 2601 503 2640 et
513 2595 536 2639 in
546 2595 596 2642 foro
604 2596 729 2644 Sudertmo
736 2597 855 2657 sanguinis

180 2653 246 2700 divos
256 2667 296 2718 per
306 2652 364 2708 diem
374 2662 447 2703 toturn
457 2655 557 2716 flumme,
572 2667 597 2708 et
609 2660 675 2710 Ereti
684 2660 793 2723 hpidibm
803 2661 857 2724 plu-
