1850 2917
191 139 318 189 1¹.anss
333 140 513 191 mxxvu.
531 141 592 192 cn.
606 146 660 191 86·¹
703 144 761 191 225¹
794 160 795 163 ¹

84 268 177 322 vindan,
192 277 218 316 et
230 270 379 332 processere,
395 286 462 332 quam
473 272 565 333 quisque
575 287 652 319 eorum
663 274 763 333 provinc·

86 334 151 386 ciam,
167 350 236 395 quem
251 336 337 381 bostem
350 337 447 389 baberet,
458 336 569 383 volebant.
604 336 644 383 De
655 338 764 383 resonet«.

85 398 177 445 datione
195 399 263 445 etiam
279 401 359 461 gratiae
378 416 455 446 eorum
476 402 500 446 in
522 407 599 447 senatu
618 408 692 447 sctum
711 408 753 453 est,

85 463 324 524 principiofactoaQ.
333 464 402 511 Fabio
410 465 520 512 Maximo
547 464 672 511 Irrimioitiae
680 471 754 511 autem

85 528 188 573 nobiles
181 536 242 573 inter
251 544 290 575 eos
301 536 371 581 erant,
387 536 410 574 et
423 530 545 575 acerbiores
560 544 597 575 ees
607 529 764 603 indigniores.

85 606 130 650 que
143 590 214 637 Livio
227 608 269 639 sua
282 594 393 639 calamitas
407 592 496 647 fecerat,
512 594 571 653 quod
587 601 685 655 spretum
697 607 721 639 se
730 592 755 639 in

85 670 113 701 ea
100 653 215 702 fortunis
224 657 337 704 credebat:
354 658 427 717 itaque
438 658 457 703 is
465 660 537 719 magis
545 658 686 719 implacabilis
693 665 752 705 erstr

84 726 136 772 et‚‘
138 721 335 782 ‘nibilopuaesse
346 721 548 775 reconciliatione,¹
560 724 667 771 aiebatr⁴
670 722 755 769 ‘acrius

84 792 107 829 et
116 784 226 831 intentius
237 787 312 832 omnia
320 794 431 848 gesturos,
447 788 551 833 timentes
564 802 592 833 ue
603 786 715 833 crescendi
725 800 757 832 ex

85 858 110 894 ae
119 849 212 895 inimico
222 850 317 911 collegae
326 858 424 911 potestas
434 850 523 897 fieret.”
548 850 610 897 Vicit
619 860 693 898 tamen
702 866 755 897 auc·

84 915 165 959 toritas
175 914 274 967 senatuis,
286 923 318 967 ut,
330 915 408 975 positis
419 915 571 968 simultatibus,
584 916 696 962 communi
705 914 755 962 ani·

84 992 124 1023 mo
134 978 274 1038 consilioque
282 978 460 1026 admrnrstrarent
468 981 630 1041 rempublicam
658 980 754 1027 Provin-

85 1042 128 1088 ciae
143 1042 172 1088 iis
187 1057 234 1088 non
250 1044 366 1103 permixtae
381 1044 514 1105 regionibus,
535 1046 591 1091 sicut
608 1045 756 1107 superioribus

85 1108 158 1159 annis,
174 1107 217 1153 sed
230 1107 325 1153 diversae
338 1109 443 1155 extremis
456 1106 529 1155 Italiae'
537 1108 624 1161 finibus,
642 1110 704 1157 alteri
715 1108 754 1155 ad-

85 1186 165 1217 versus
183 1170 335 1217 Hannibalem
356 1171 447 1226 Bruttii,
471 1172 573 1230 Lucani;
596 1174 661 1219 alteri
681 1172 755 1219 Gallia

86 1235 193 1281 adversus
205 1234 369 1282 Hasdrubalem
384 1238 482 1299 (quem
472 1252 520 1298 Jam
532 1238 626 1299 Alpibus
637 1238 755 1299 appropin-

85 1314 156 1359 quare
165 1299 227 1348 fauo
236 1297 294 1358 erat)
306 1301 400 1347 decreta.
429 1301 562 1348 Exercitum
572 1318 601 1349 ex
611 1302 704 1355 duobus,
716 1301 755 1361 qui

85 1363 109 1408 in
125 1361 210 1417 Galliri,
230 1365 311 1424 quique
325 1366 349 1409 in
365 1363 457 1412 Etmriai
473 1374 553 1419 essent,
572 1367 645 1413 addito
661 1368 754 1420 urbano,

85 1428 187 1489 digeret.
206 1444 277 1489 ‘quern
296 1429 378 1482 mallet,
401 1430 439 1490 qui
459 1430 557 1477 Galliam
576 1439 635 1476 esset
653 1430 753 1477 sortitus·

86 1490 132 1545 Cui
141 1492 230 1541 Bruttii
240 1494 354 1554 provincia
366 1495 485 1547 evenisset,
501 1496 566 1541 novis
579 1494 703 1556 legionibus
716 1509 756 1541 ur«

84 1557 148 1604 hans
163 1558 263 1619 scriptis,
282 1558 354 1604 utrius
372 1559 448 1605 mallet
467 1559 583 1605 consulum
599 1558 678 1619 prioris
691 1558 756 1612 nuni,

84 1623 211 1670 exercitum
230 1630 334 1669 sumeret.
367 1622 482 1669 Relictam
499 1638 512 1669 a
527 1624 618 1671 consule
634 1623 757 1669 exercitum

86 1685 118 1740 Q.
129 1686 227 1735 Fulvius
236 1687 356 1747 proconsul
366 1688 488 1748 acciperem
505 1688 569 1748 eique
583 1688 606 1733 in
618 1702 701 1733 annum
712 1687 757 1733 im-

83 1752 172 1813 perium
182 1758 255 1797 esset:
272 1759 298 1797 et
309 1749 337 1799 C·
348 1751 456 1804 Hostilio,
470 1752 505 1797 cui
515 1768 555 1813 pro
568 1750 658 1798 Etrurii
669 1750 759 1797 Taren-

85 1824 134 1862 tum
153 1822 296 1866 mutaveraut
313 1816 456 1876 provinciam,
476 1830 517 1875 pro
536 1814 634 1863 Tarento
655 1814 762 1876 Capuam.

85 1887 246 1929 mutarerunt:
269 1879 330 1940 legio
349 1893 393 1925 uua
410 1880 468 1932 data,
488 1880 525 1926 eui
545 1878 638 1925 Fulvius
654 1880 758 1940 proximo

84 1960 145 1993 anno
156 1943 284 2005 praefuerat.

117 2007 245 2055 XXXVI.
262 2007 302 2054 De
314 2006 459 2055 Hasdrubalis
470 2008 566 2055 adventu
575 2008 597 2053 in
607 2006 695 2054 ltaliam
703 2020 759 2055 cura

84 2074 108 2120 in
117 2074 168 2120 dies
178 2074 298 2119 crescebat.
325 2072 501 2119 Massiliensium
512 2073 607 2134 primum
619 2072 686 2133 legati
697 2087 757 2119 nun·

84 2140 210 2190 doverant'
220 2152 271 2182 eum
286 2137 310 2182 in
322 2137 421 2183 Galliam
432 2145 610 2199 transgressum
627 2144 765 2197 erectosque.

74 2204 184 2253 ,adventu
195 2202 251 2263 ejus,
267 2203 318 2261 quia
331 2216 438 2263 maguum
453 2202 540 2263 pondus
555 2202 602 2248 auri
613 2202 713 2248 attulisse
723 2202 758 2247 di·
758 2244 761 2248 .

84 2276 173 2315 ceretur
191 2266 221 2311 ad
240 2266 341 2311 mercede
362 2266 442 2312 auxilia
463 2267 612 2319 conducenda,
636 2266 755 2313 Gallorum

83 2334 179 2380 animos.
216 2330 284 2376 Missi
299 2331 377 2376 deinde
392 2346 443 2376 cum
457 2331 484 2375 iis
496 2331 564 2390 legati
575 2331 602 2377 ab
613 2328 689 2377 Roma
701 2330 764 2375 Sex..
762 2350 764 2355 ·

83 2397 203 2450 Antistius
213 2402 236 2441 et
246 2394 284 2440 M.
294 2394 387 2440 Raeoius
397 2394 426 2439 ad
439 2410 487 2440 rem
498 2394 663 2455 inspiciendam,
676 2392 760 2438 retule—

82 2468 140 2513 rant,
158 2459 248 2505 misisse
262 2474 286 2504 se
300 2474 351 2503 cum
367 2458 544 2503 Massiliensibus
555 2458 652 2509 ducibus,
669 2456 707 2515 qui
717 2470 759 2515 per

83 2526 184 2586 hospites
195 2538 281 2575 eorum,
297 2522 407 2583 principes
418 2520 543 2573 Gallorum,
559 2522 634 2567 omnia
644 2520 760 2579 explorata

82 2588 200 2635 referrent·
235 2586 284 2633 Pro
299 2591 413 2646 comperto
424 2584 511 2637 habere,
532 2584 704 2635 Hasdrubalem,
721 2582 759 2625 in-

82 2654 145 2715 genti
150 2654 289 2715 jamcoacto
299 2650 406 2703 exercitu,
416 2649 521 2717 proximo
531 2663 583 2695 vere
593 2648 665 2710 Alpes
675 2645 761 2705 timec-2
