1850 2917
203 223 234 273 Τ.
246 222 333 271 LIVII
350 222 403 271 Lis.
416 222 513 271 XXIV.
534 223 594 275 Cn.
607 229 631 272 8·
735 233 753 277 9

0 343 1 404 i
82 354 208 403 Leontinos
218 370 270 401 cum
280 362 363 401 caetero
374 356 435 401 omni
445 355 543 402 exercitu
555 356 630 418 (ernnt
638 364 713 403 nutem
725 357 755 404 nd

82 420 207 481 quindecim
215 420 283 465 millia
290 420 389 481 peditum
398 418 552 481 equitumque)
558 421 671 481 proiectus
679 429 751 480 esset3

81 485 161 531 ntem
180 484 240 531 aedes
259 485 368 545 conjurati
391 485 425 547 (et
444 500 522 531 omnes
539 484 599 531 forte
615 484 752 546 militabant)

82 548 225 595 imminentes
241 549 285 595 viae
302 556 412 610 anguste,
430 546 475 611 quit
488 548 622 596 descendere
639 550 751 597 odiorum

82 628 121 659 rex
134 614 226 666 solebst,
246 620 386 659 sumserunt:
405 614 442 666 ilii,
454 628 506 661 eum
517 614 619 660 instructi
629 616 753 676 armatique

82 679 156 725 eaeteri
177 677 296 724 transitum
316 685 470 739 exspectantes
489 685 580 732 sterent,
604 680 643 725 uni
661 693 691 726 ex
709 680 751 733 eis,

83 740 219 805 (Dinomeni
236 742 280 787 fuit
301 740 395 801 nomen)
415 743 467 804 quia
484 751 561 789 custos
578 744 676 805 corporis
695 751 751 797 erat,

1 830 2 833 ¹
82 808 225 869 pnrtesdstse
239 813 298 859 sunt,
311 814 343 859 ut,
356 822 407 852 cuin
424 808 608 869 appropinquaret
618 809 750 865 imuaemx,
920 841 925 863 ,

81 886 218 933 percousam
229 871 325 932 aliquam
341 872 364 915 in
380 872 490 933 angustiis
507 873 627 919 sustineret
642 874 669 919 sb
685 880 752 935 tergo
846 896 852 909 ι
922 921 925 931 ,

81 951 169 998 agmen.
205 934 249 989 Ito,
262 942 288 981 ut
305 943 446 989 convenerat,
467 936 550 982 fectum
569 944 617 984 est:
636 945 751 999 tamquam

80 1001 166 1047 laxaret
176 1000 259 1047 elutum
272 1000 351 1061 pedem
366 1000 393 1046 eb
410 1002 487 1047 stricto
503 1001 570 1055 nodo,
587 1008 687 1048 moratus
703 1009 752 1047 tur·

81 1065 130 1111 bom
141 1064 292 1117 Dinomenes,
304 1072 391 1111 tanturn
404 1065 515 1112 intervalli
529 1065 590 1120 fecit,
607 1074 640 1120 ut,
658 1081 710 1113 cnm
727 1066 751 1112 in

82 1136 253 1191 praetereuntem
265 1130 312 1175 sine
323 1130 412 1176 armatis
423 1145 499 1193 regem
507 1131 603 1192 impetus
612 1130 682 1184 fieret,
695 1145 752 1177 con·

79 1192 194 1241 foderetur
214 1194 298 1254 sliquot
318 1194 379 1255 prius
399 1195 534 1247 vulneribus,
561 1210 626 1255 quern
652 1194 753 1242 succurri
793 1222 797 1226 -

81 1266 164 1321 posset
201 1256 307 1306 Clamore
317 1266 340 1304 et
351 1258 448 1305 tumultu
458 1259 541 1312 sudito,
553 1260 577 1303 in
588 1258 749 1314 Dinomenem,

1 1326 2 1331 ’
77 1325 125 1385 jam
144 1322 204 1369 haud
221 1322 286 1369 dubie
302 1324 433 1376 obstantem,
452 1323 497 1369 tels
511 1324 671 1385 conjiciuntur:
691 1324 751 1369 inter

80 1403 132 1450 quae
145 1394 227 1441 tamem
240 1388 325 1433 duobus
335 1388 430 1447 seceptis
438 1388 572 1441 vulnenlius,
582 1388 660 1434 erosit.
682 1386 750 1450 Fuge

82 1452 210 1505 satellitum,
223 1460 248 1498 ut
253 1454 366 1514 jacentem
374 1449 449 1498 videre
457 1466 541 1513 regem,
550 1451 610 1497 lecte
616 1460 651 1498 est
660 1470 666 1499 ι
679 1452 758 1498 inter-.

80 1516 184 1570 tectores,
197 1532 248 1578 pers
263 1517 286 1561 in
297 1515 371 1562 forum
386 1516 414 1561 sd
424 1516 587 1562 multitudinem
597 1517 673 1563 laetsm
684 1517 750 1563 liber·

80 1589 134 1635 tate,
146 1596 198 1643 pars
210 1582 331 1641 Syracusas
346 1587 450 1641 pergunt,
469 1580 497 1625 ad
512 1580 687 1643 praeoccupando
697 1581 749 1627 An·

81 1645 200 1693 drsnodori
221 1646 377 1707 regiorumque
398 1644 492 1690 aliorum
513 1646 611 1691 consilis.
657 1644 748 1692 Incerto

80 1725 156 1759 rerum
173 1716 240 1763 stetu,
262 1709 307 1770 Ap.
327 1706 440 1762 claudius,
461 1709 543 1755 bellum
562 1710 636 1756 oriens
651 1724 681 1756 ex
696 1724 749 1771 pro·

78 1775 165 1837 pinquo
181 1789 232 1820 cum
249 1780 356 1825 cerneret,
369 1781 470 1819 senatum
479 1774 550 1820 literis
559 1775 676 1821 certiorem
685 1773 747 1829 fecit,

1 1888 3 1909 ,
79 1840 179 1888 Siciliam
197 1837 377 1899 Carthaginiensi
391 1838 475 1899 populo
491 1846 515 1884 et
535 1837 656 1885 Hannibali
672 1839 748 1885 eonci-

76 1904 141 1951 liari:
160 1904 209 1964 ipse
219 1904 324 1949 adversus
334 1902 473 1963 Syracusana
481 1903 578 1957 consilis,
591 1902 619 1948 sd
626 1903 748 1965 provinciae

1 2016 2 2031 ,
78 1969 188 2032 regnique
197 1966 260 2020 fines,
274 1966 348 2013 omnia
358 1968 584 2029 convertitpraesidis.
613 1966 684 2013 Exitu
695 1967 748 2013 anni

77 2036 134 2096 ejus,
150 2032 183 2086 Q.
193 2030 276 2078 Fabius
287 2046 316 2077 ex
330 2033 460 2077 auctoritate
478 2033 567 2078 senattls
582 2030 696 2084 Puteolos,
707 2046 749 2093 pei·

75 2098 162 2145 bellum
184 2104 283 2157 coeptuui
300 2096 435 2155 frequentari
453 2097 585 2159 emporium,
608 2096 746 2149 communiit,

75 2162 251 2225 praesidiumque
271 2160 391 2222 imposuit:
417 2160 469 2207 inde
487 2160 585 2207 Romam
607 2161 747 2207 comitiorum

76 2224 147 2274 onusti
163 2226 303 2279 veniens‘in
320 2240 378 2278 euin,
392 2241 458 2287 quem
470 2226 566 2286 primum
578 2224 636 2270 diem
647 2226 748 2272 comitis·

75 2293 123 2340 lem
138 2291 222 2343 habuit,
238 2290 329 2337 coniitia
342 2288 423 2336 edixit·
443 2298 510 2350 atque
524 2304 553 2335 ex
570 2290 649 2335 itinere
667 2296 749 2349 prietes

77 2356 169 2403 Urbem
189 2355 214 2400 in
232 2353 344 2415 Campum
362 2354 481 2401 descendit.
525 2353 562 2399 Eo
578 2352 614 2398 die
630 2366 681 2397 cuin
698 2364 748 2397 sors
828 2350 831 2359 “

2 2428 3 2435 ’
75 2421 238 2485 prerogativae
249 2418 467 2481 Aniensijuniorum
474 2418 564 2468 exisset,
574 2431 643 2475 esque
653 2414 683 2459 T.
693 2414 750 2461 Ots·

75 2486 164 2537 cilium,
176 2483 212 2530 M.
223 2483 344 2530 AEmilium
350 2482 474 2543 Regillum,
484 2482 587 2527 consules
599 2479 688 2530 diceret,
699 2485 749 2523 tum

2 2558 3 2573 ¹
77 2551 111 2605 Q,
123 2548 215 2602 Fabius,
230 2548 318 2594 silentio
328 2546 395 2599 fricto,
408 2548 446 2593 teli
459 2546 560 2591 oratione
570 2551 604 2589 est
614 2557 682 2587 usus:

1 2598 2 2619 ¹
111 2612 187 2660 viii
208 2620 224 2641 u
237 2612 261 2659 si
272 2619 311 2658 aut
326 2626 403 2673 pacem
418 2612 442 2656 ii
457 2606 530 2660 mm,
548 2605 682 2652 ruthenum
698 2614 750 2646 eum

74 2696 106 2728 eo
116 2680 184 2726 hoste
194 2678 333 2730 hebetemus,
345 2676 369 2721 in
380 2692 423 2735 quo
441 2671 587 2735 negligentiae
602 2668 674 2714 lsxior
687 2666 751 2709 loeus

0 2773 2 2794 ι
75 2751 155 2803 esset3
170 2742 209 2807 qui
218 2740 300 2791 vestris
311 2734 397 2794 studiis,
416 2753 468 2799 quae
482 2737 506 2783 in
518 2733 630 2796 Campum
645 2730 673 2776 ad
686 2737 751 2772 mm·
