<?xml version="1.0" encoding="UTF-8"?>
<!DOCTYPE html PUBLIC "-//W3C//DTD XHTML 1.0 Transitional//EN"
    "http://www.w3.org/TR/xhtml1/DTD/xhtml1-transitional.dtd">
<html xmlns="http://www.w3.org/1999/xhtml" xml:lang="en" lang="en">
 <head>
  <title>
</title>
<meta http-equiv="Content-Type" content="text/html;charset=utf-8" />
  <meta name='ocr-system' content='tesseract 3.04.00' />
  <meta name='ocr-capabilities' content='ocr_page ocr_carea ocr_par ocr_line ocrx_word'/>
</head>
<body>
  <div class='ocr_page' id='page_1' title='image "./tliviipatavinih03caregoog_0411.png"; bbox 0 0 1850 2917; ppageno 0'>
   <div class='ocr_carea' id='block_1_1' title="bbox 235 130 786 181">
    <p class='ocr_par' dir='ltr' id='par_1_1' title="bbox 235 130 786 206">
     <span class='ocr_line' id='line_1_1' title="bbox 235 130 786 181; baseline -0.004 -3"><span class='ocrx_word' id='word_1_1' title='bbox 235 131 265 178; x_wconf 88' lang='lat' dir='ltr'>T.</span> <span class='ocrx_word' id='word_1_2' title='bbox 279 130 366 180; x_wconf 86' lang='lat' dir='ltr'>LIVII</span> <span class='ocrx_word' id='word_1_3' title='bbox 383 131 436 179; x_wconf 85' lang='lat' dir='ltr'>Lrs.</span> <span class='ocrx_word' id='word_1_4' title='bbox 451 131 536 180; x_wconf 82' lang='lat' dir='ltr'>XXX.</span> <span class='ocrx_word' id='word_1_5' title='bbox 556 131 616 181; x_wconf 74' lang='lat' dir='ltr'>Car.</span> <span class='ocrx_word' id='word_1_6' title='bbox 630 135 670 178; x_wconf 73' lang='lat'>42.</span> <span class='ocrx_word' id='word_1_7' title='bbox 739 131 786 176; x_wconf 76' lang='lat'>407</span> 
     </span>
    </p>
   </div>
   <div class='ocr_carea' id='block_1_2' title="bbox 101 259 785 324">
    <p class='ocr_par' dir='ltr' id='par_1_2' title="bbox 101 259 785 324">
     <span class='ocr_line' id='line_1_2' title="bbox 101 259 785 324; baseline -0.001 -18"><span class='ocrx_word' id='word_1_8' title='bbox 101 267 144 306; x_wconf 87' lang='lat' dir='ltr'>.et</span> <span class='ocrx_word' id='word_1_9' title='bbox 160 260 288 322; x_wconf 79' lang='lat' dir='ltr'>propinquis</span> <span class='ocrx_word' id='word_1_10' title='bbox 304 261 363 324; x_wconf 78' lang='lat' dir='ltr'>regis</span> <span class='ocrx_word' id='word_1_11' title='bbox 377 275 439 308; x_wconf 86' lang='lat' dir='ltr'>esse:</span> <span class='ocrx_word' id='word_1_12' title='bbox 459 275 511 308; x_wconf 88' lang='lat' dir='ltr'>eum</span> <span class='ocrx_word' id='word_1_13' title='bbox 521 267 573 308; x_wconf 81' lang='lat' dir='ltr'>culn</span> <span class='ocrx_word' id='word_1_14' title='bbox 583 270 679 322; x_wconf 87' lang='lat' dir='ltr'>quatuor</span> <span class='ocrx_word' id='word_1_15' title='bbox 688 259 785 306; x_wconf 70' lang='lat' dir='ltr'>mrlhltus</span> 
     </span>
    </p>
   </div>
   <div class='ocr_carea' id='block_1_3' title="bbox 7 317 787 645">
    <p class='ocr_par' dir='ltr' id='par_1_3' title="bbox 7 317 787 645">
     <span class='ocr_line' id='line_1_3' title="bbox 7 317 785 390; baseline -0.001 -20"><span class='ocrx_word' id='word_1_16' title='bbox 7 317 33 390; x_wconf 59' lang='lat' dir='ltr'>‘j</span> <span class='ocrx_word' id='word_1_17' title='bbox 121 323 273 371; x_wconf 83' lang='lat' dir='ltr'><strong>Macedonum</strong></span> <span class='ocrx_word' id='word_1_18' title='bbox 293 333 315 371; x_wconf 90' lang='lat' dir='ltr'>et</span> <span class='ocrx_word' id='word_1_19' title='bbox 334 324 428 388; x_wconf 79' lang='lat' dir='ltr'>pecunid</span> <span class='ocrx_word' id='word_1_20' title='bbox 446 326 539 372; x_wconf 89' lang='lat' dir='ltr'>missum</span> <span class='ocrx_word' id='word_1_21' title='bbox 556 341 627 388; x_wconf 88' lang='lat' dir='ltr'>nuper</span> <span class='ocrx_word' id='word_1_22' title='bbox 644 327 668 372; x_wconf 91' lang='lat' dir='ltr'>in</span> <span class='ocrx_word' id='word_1_23' title='bbox 685 323 785 370; x_wconf 79' lang='lat' dir='ltr'>Africam</span> 
     </span>
     <span class='ocr_line' id='line_1_4' title="bbox 14 387 786 452; baseline -0.003 -16"><span class='ocrx_word' id='word_1_24' title='bbox 14 387 31 411; x_wconf 64' lang='lat'>²</span> <span class='ocrx_word' id='word_1_25' title='bbox 119 404 177 442; x_wconf 81' lang='lat' dir='ltr'>esse,</span> <span class='ocrx_word' id='word_1_26' title='bbox 196 389 318 436; x_wconf 80' lang='lat' dir='ltr'>Hannibali</span> <span class='ocrx_word' id='word_1_27' title='bbox 330 389 593 452; x_wconf 77' lang='lat' dir='ltr'>Carthaginienssstusque</span> <span class='ocrx_word' id='word_1_28' title='bbox 604 387 713 437; x_wconf 76' lang='lat' dir='ltr'>uuxilio-&#39;’</span> <span class='ocrx_word' id='word_1_29' title='bbox 745 387 786 434; x_wconf 88' lang='lat' dir='ltr'>De</span> 
     </span>
     <span class='ocr_line' id='line_1_5' title="bbox 13 449 786 516; baseline -0.001 -18"><span class='ocrx_word' id='word_1_30' title='bbox 13 449 32 478; x_wconf 76' lang='lat'>²³</span> <span class='ocrx_word' id='word_1_31' title='bbox 121 453 157 508; x_wconf 79' lang='lat' dir='ltr'>his</span> <span class='ocrx_word' id='word_1_32' title='bbox 172 454 236 500; x_wconf 91' lang='lat' dir='ltr'>rebus</span> <span class='ocrx_word' id='word_1_33' title='bbox 252 455 382 516; x_wconf 83' lang='lat' dir='ltr'>interrogati</span> <span class='ocrx_word' id='word_1_34' title='bbox 399 453 544 508; x_wconf 79' lang='lat' dir='ltr'>Macedones,</span> <span class='ocrx_word' id='word_1_35' title='bbox 562 471 612 501; x_wconf 91' lang='lat' dir='ltr'>eum</span> <span class='ocrx_word' id='word_1_36' title='bbox 629 455 734 516; x_wconf 82' lang='lat' dir='ltr'>perplexe</span> <span class='ocrx_word' id='word_1_37' title='bbox 750 467 786 498; x_wconf 84' lang='lat' dir='ltr'>re-</span> 
     </span>
     <span class='ocr_line' id='line_1_6' title="bbox 9 516 787 582; baseline 0 -20"><span class='ocrx_word' id='word_1_38' title='bbox 9 521 23 545; x_wconf 55' lang='lat'>&#39;1</span> <span class='ocrx_word' id='word_1_39' title='bbox 122 518 257 578; x_wconf 77' lang='lat' dir='ltr'>sponderent</span> <span class='ocrx_word' id='word_1_40' title='bbox 273 519 322 580; x_wconf 87' lang='lat' dir='ltr'>ipsi,</span> <span class='ocrx_word' id='word_1_41' title='bbox 340 517 415 582; x_wconf 82' lang='lat' dir='ltr'>[unte]</span> <span class='ocrx_word' id='word_1_42' title='bbox 433 534 564 580; x_wconf 87' lang='lat' dir='ltr'>responsum</span> <span class='ocrx_word' id='word_1_43' title='bbox 580 520 692 572; x_wconf 80' lang='lat' dir='ltr'>tulerunt-</span> <span class='ocrx_word' id='word_1_44' title='bbox 704 524 721 547; x_wconf 78' lang='lat'>‘⁶</span> <span class='ocrx_word' id='word_1_45' title='bbox 731 516 787 562; x_wconf 92' lang='lat' dir='ltr'>Bel-</span> 
     </span>
     <span class='ocr_line' id='line_1_7' title="bbox 19 581 786 645; baseline -0.001 -19"><span class='ocrx_word' id='word_1_46' title='bbox 19 581 33 610; x_wconf 61' lang='lat'><em>*</em></span> <span class='ocrx_word' id='word_1_47' title='bbox 121 582 170 628; x_wconf 90' lang='lat' dir='ltr'>lum</span> <span class='ocrx_word' id='word_1_48' title='bbox 178 597 278 642; x_wconf 83' lang='lat' dir='ltr'>quaerere</span> <span class='ocrx_word' id='word_1_49' title='bbox 288 599 372 644; x_wconf 84' lang='lat' dir='ltr'>regem,</span> <span class='ocrx_word' id='word_1_50' title='bbox 390 590 420 637; x_wconf 84' lang='lat' dir='ltr'>et,</span> <span class='ocrx_word' id='word_1_51' title='bbox 438 584 456 630; x_wconf 90' lang='lat' dir='ltr'>si</span> <span class='ocrx_word' id='word_1_52' title='bbox 467 591 553 645; x_wconf 78' lang='lat' dir='ltr'>pergat,</span> <span class='ocrx_word' id='word_1_53' title='bbox 570 584 697 645; x_wconf 86' lang='lat' dir='ltr'>propediem</span> <span class='ocrx_word' id='word_1_54' title='bbox 707 583 786 628; x_wconf 87' lang='lat' dir='ltr'>inven-</span> 
     </span>
    </p>
   </div>
   <div class='ocr_carea' id='block_1_4' title="bbox 121 644 786 708">
    <p class='ocr_par' dir='ltr' id='par_1_4' title="bbox 121 644 786 708">
     <span class='ocr_line' id='line_1_8' title="bbox 121 644 786 708; baseline -0.002 -17"><span class='ocrx_word' id='word_1_55' title='bbox 121 652 204 692; x_wconf 86' lang='lat' dir='ltr'>turum.</span> <span class='ocrx_word' id='word_1_56' title='bbox 239 646 366 708; x_wconf 83' lang='lat' dir='ltr'>Dupliciter</span> <span class='ocrx_word' id='word_1_57' title='bbox 380 648 408 708; x_wconf 82' lang='lat' dir='ltr'>ab</span> <span class='ocrx_word' id='word_1_58' title='bbox 421 663 449 694; x_wconf 88' lang='lat' dir='ltr'>eo</span> <span class='ocrx_word' id='word_1_59' title='bbox 462 647 537 693; x_wconf 86' lang='lat' dir='ltr'>foedus</span> <span class='ocrx_word' id='word_1_60' title='bbox 551 645 672 704; x_wconf 82' lang='lat' dir='ltr'>violatum3</span> <span class='ocrx_word' id='word_1_61' title='bbox 690 653 713 693; x_wconf 89' lang='lat' dir='ltr'>et</span> <span class='ocrx_word' id='word_1_62' title='bbox 727 644 786 706; x_wconf 90' lang='lat' dir='ltr'>quod</span> 
     </span>
    </p>
   </div>
   <div class='ocr_carea' id='block_1_5' title="bbox 5 711 786 1160">
    <p class='ocr_par' dir='ltr' id='par_1_5' title="bbox 6 711 786 773">
     <span class='ocr_line' id='line_1_9' title="bbox 6 711 786 773; baseline 0 -17"><span class='ocrx_word' id='word_1_63' title='bbox 6 724 28 745; x_wconf 57' lang='grc' dir='ltr'>ι·</span> <span class='ocrx_word' id='word_1_64' title='bbox 120 711 189 756; x_wconf 87' lang='lat' dir='ltr'>sociis</span> <span class='ocrx_word' id='word_1_65' title='bbox 203 712 277 772; x_wconf 89' lang='lat' dir='ltr'>populi</span> <span class='ocrx_word' id='word_1_66' title='bbox 288 711 386 758; x_wconf 86' lang='lat' dir='ltr'>Romani</span> <span class='ocrx_word' id='word_1_67' title='bbox 401 712 492 773; x_wconf 79' lang='lat' dir='ltr'>injurius</span> <span class='ocrx_word' id='word_1_68' title='bbox 506 711 591 765; x_wconf 80' lang='lat' dir='ltr'>feeerit,</span> <span class='ocrx_word' id='word_1_69' title='bbox 607 713 665 772; x_wconf 74' lang='lat' dir='ltr'>bello</span> <span class='ocrx_word' id='word_1_70' title='bbox 675 711 786 770; x_wconf 80' lang='lat' dir='ltr'>armisque</span> 
     </span>
    </p>

    <p class='ocr_par' dir='ltr' id='par_1_6' title="bbox 5 775 786 1160">
     <span class='ocr_line' id='line_1_10' title="bbox 27 775 783 838; baseline 0.001 -18"><span class='ocrx_word' id='word_1_71' title='bbox 27 790 39 805; x_wconf 70' lang='lat'>,</span> <span class='ocrx_word' id='word_1_72' title='bbox 120 775 258 832; x_wconf 81' lang='lat' dir='ltr'>lacessierit;</span> <span class='ocrx_word' id='word_1_73' title='bbox 275 776 367 837; x_wconf 89' lang='lat' dir='ltr'>etquod</span> <span class='ocrx_word' id='word_1_74' title='bbox 378 777 453 822; x_wconf 87' lang='lat' dir='ltr'>hostes</span> <span class='ocrx_word' id='word_1_75' title='bbox 463 775 783 838; x_wconf 74' lang='lat' dir='ltr'>auxiliisetpecuniiJuverit·</span> 
     </span>
     <span class='ocr_line' id='line_1_11' title="bbox 5 835 785 902; baseline -0.003 -16"><span class='ocrx_word' id='word_1_76' title='bbox 5 835 30 873; x_wconf 50' lang='grc' dir='ltr'>’ν</span> <span class='ocrx_word' id='word_1_77' title='bbox 121 837 156 886; x_wconf 86' lang='lat' dir='ltr'>Et</span> <span class='ocrx_word' id='word_1_78' title='bbox 168 837 195 884; x_wconf 85' lang='lat' dir='ltr'>P.</span> <span class='ocrx_word' id='word_1_79' title='bbox 210 840 335 902; x_wconf 82' lang='lat' dir='ltr'>Scipionem</span> <span class='ocrx_word' id='word_1_80' title='bbox 347 848 487 900; x_wconf 74' lang='lat' dir='ltr'>recteatque</span> <span class='ocrx_word' id='word_1_81' title='bbox 500 841 576 887; x_wconf 86' lang='lat' dir='ltr'>ordine</span> <span class='ocrx_word' id='word_1_82' title='bbox 589 842 659 887; x_wconf 85' lang='lat' dir='ltr'>videri</span> <span class='ocrx_word' id='word_1_83' title='bbox 669 840 748 886; x_wconf 83' lang='lat' dir='ltr'>iecisse</span> <span class='ocrx_word' id='word_1_84' title='bbox 762 845 785 884; x_wconf 90' lang='lat' dir='ltr'>et</span> 
     </span>
     <span class='ocr_line' id='line_1_12' title="bbox 8 901 785 966; baseline 0.001 -18"><span class='ocrx_word' id='word_1_85' title='bbox 8 911 33 942; x_wconf 68' lang='lat'>:²</span> <span class='ocrx_word' id='word_1_86' title='bbox 119 901 207 956; x_wconf 57' lang='lat' dir='ltr'>iaceres</span> <span class='ocrx_word' id='word_1_87' title='bbox 214 903 274 964; x_wconf 91' lang='lat' dir='ltr'>quod</span> <span class='ocrx_word' id='word_1_88' title='bbox 284 920 329 956; x_wconf 92' lang='lat' dir='ltr'>eos,</span> <span class='ocrx_word' id='word_1_89' title='bbox 339 905 647 966; x_wconf 82' lang='lat' dir='ltr'>quiarmaeontrapopulum</span> <span class='ocrx_word' id='word_1_90' title='bbox 656 905 785 953; x_wconf 81' lang='lat' dir='ltr'>Romanum</span> 
     </span>
     <span class='ocr_line' id='line_1_13' title="bbox 10 965 785 1030; baseline 0.004 -18"><span class='ocrx_word' id='word_1_91' title='bbox 10 990 36 1008; x_wconf 73' lang='lat'>.·</span> <span class='ocrx_word' id='word_1_92' title='bbox 120 965 219 1014; x_wconf 79' lang='lat' dir='ltr'>serentes</span> <span class='ocrx_word' id='word_1_93' title='bbox 232 970 290 1030; x_wconf 87' lang='lat' dir='ltr'>capti</span> <span class='ocrx_word' id='word_1_94' title='bbox 305 975 363 1023; x_wconf 89' lang='lat' dir='ltr'>sunt,</span> <span class='ocrx_word' id='word_1_95' title='bbox 380 969 478 1016; x_wconf 89' lang='lat' dir='ltr'>hostium</span> <span class='ocrx_word' id='word_1_96' title='bbox 493 984 586 1015; x_wconf 89' lang='lat' dir='ltr'>numero</span> <span class='ocrx_word' id='word_1_97' title='bbox 600 970 624 1014; x_wconf 87' lang='lat' dir='ltr'>in</span> <span class='ocrx_word' id='word_1_98' title='bbox 639 969 733 1015; x_wconf 82' lang='lat' dir='ltr'>vinculis</span> <span class='ocrx_word' id='word_1_99' title='bbox 746 970 785 1015; x_wconf 87' lang='lat' dir='ltr'>ha·</span> 
     </span>
     <span class='ocr_line' id='line_1_14' title="bbox 11 1031 786 1096; baseline -0.004 -15"><span class='ocrx_word' id='word_1_100' title='bbox 11 1039 35 1070; x_wconf 70' lang='lat'>‘³</span> <span class='ocrx_word' id='word_1_101' title='bbox 121 1032 187 1081; x_wconf 84' lang='lat' dir='ltr'>beat:</span> <span class='ocrx_word' id='word_1_102' title='bbox 206 1043 229 1079; x_wconf 89' lang='lat' dir='ltr'>et</span> <span class='ocrx_word' id='word_1_103' title='bbox 236 1031 272 1078; x_wconf 75' lang='lat' dir='ltr'>M.</span> <span class='ocrx_word' id='word_1_104' title='bbox 284 1032 400 1080; x_wconf 85' lang='lat' dir='ltr'>Aurelium</span> <span class='ocrx_word' id='word_1_105' title='bbox 411 1047 424 1079; x_wconf 89' lang='lat' dir='ltr'>e</span> <span class='ocrx_word' id='word_1_106' title='bbox 435 1049 458 1080; x_wconf 90' lang='lat' dir='ltr'>re</span> <span class='ocrx_word' id='word_1_107' title='bbox 469 1032 556 1094; x_wconf 76' lang='lat' dir='ltr'>publici</span> <span class='ocrx_word' id='word_1_108' title='bbox 565 1034 644 1087; x_wconf 83' lang='lat' dir='ltr'>facere,</span> <span class='ocrx_word' id='word_1_109' title='bbox 653 1040 786 1096; x_wconf 78' lang='lat' dir='ltr'>gratumque</span> 
     </span>
     <span class='ocr_line' id='line_1_15' title="bbox 21 1096 785 1160; baseline 0.001 -19"><span class='ocrx_word' id='word_1_110' title='bbox 21 1101 38 1133; x_wconf 61' lang='grc' dir='ltr'>’ἱ</span> <span class='ocrx_word' id='word_1_111' title='bbox 120 1096 145 1141; x_wconf 92' lang='lat' dir='ltr'>id</span> <span class='ocrx_word' id='word_1_112' title='bbox 158 1097 242 1142; x_wconf 81' lang='lat' dir='ltr'>senatui</span> <span class='ocrx_word' id='word_1_113' title='bbox 258 1112 313 1151; x_wconf 80' lang='lat' dir='ltr'>esse,</span> <span class='ocrx_word' id='word_1_114' title='bbox 331 1097 391 1156; x_wconf 92' lang='lat' dir='ltr'>quod</span> <span class='ocrx_word' id='word_1_115' title='bbox 406 1099 478 1144; x_wconf 89' lang='lat' dir='ltr'>socios</span> <span class='ocrx_word' id='word_1_116' title='bbox 488 1098 563 1160; x_wconf 88' lang='lat' dir='ltr'>populi</span> <span class='ocrx_word' id='word_1_117' title='bbox 573 1098 679 1152; x_wconf 86' lang='lat' dir='ltr'>Romani,</span> <span class='ocrx_word' id='word_1_118' title='bbox 697 1098 785 1157; x_wconf 86' lang='lat' dir='ltr'>quando</span> 
     </span>
    </p>
   </div>
   <div class='ocr_carea' id='block_1_6' title="bbox 116 1159 785 1222">
    <p class='ocr_par' dir='ltr' id='par_1_7' title="bbox 116 1159 785 1222">
     <span class='ocr_line' id='line_1_16' title="bbox 116 1159 785 1222; baseline 0.001 -17"><span class='ocrx_word' id='word_1_119' title='bbox 116 1161 171 1222; x_wconf 83' lang='lat' dir='ltr'>jure</span> <span class='ocrx_word' id='word_1_120' title='bbox 180 1159 270 1206; x_wconf 75' lang='lat' dir='ltr'>federis</span> <span class='ocrx_word' id='word_1_121' title='bbox 281 1176 326 1207; x_wconf 96' lang='lat' dir='ltr'>non</span> <span class='ocrx_word' id='word_1_122' title='bbox 340 1169 422 1222; x_wconf 84' lang='lat' dir='ltr'>posset,</span> <span class='ocrx_word' id='word_1_123' title='bbox 440 1163 507 1208; x_wconf 88' lang='lat' dir='ltr'>armis</span> <span class='ocrx_word' id='word_1_124' title='bbox 519 1161 634 1209; x_wconf 82' lang='lat' dir='ltr'>tuentur.”</span> <span class='ocrx_word' id='word_1_125' title='bbox 668 1160 727 1209; x_wconf 86' lang='lat' dir='ltr'>Cum</span> <span class='ocrx_word' id='word_1_126' title='bbox 742 1162 785 1206; x_wconf 90' lang='lat' dir='ltr'>hoe</span> 
     </span>
    </p>
   </div>
   <div class='ocr_carea' id='block_1_7' title="bbox 3 1223 786 1480">
    <p class='ocr_par' dir='ltr' id='par_1_8' title="bbox 3 1223 786 1480">
     <span class='ocr_line' id='line_1_17' title="bbox 6 1223 786 1287; baseline 0 -15"><span class='ocrx_word' id='word_1_127' title='bbox 6 1229 40 1272; x_wconf 54' lang='grc' dir='ltr'>..ἵ</span> <span class='ocrx_word' id='word_1_128' title='bbox 121 1231 169 1276; x_wconf 77' lang='lat' dir='ltr'>tam</span> <span class='ocrx_word' id='word_1_129' title='bbox 178 1223 235 1270; x_wconf 86' lang='lat' dir='ltr'>tristi</span> <span class='ocrx_word' id='word_1_130' title='bbox 246 1240 351 1287; x_wconf 89' lang='lat' dir='ltr'>responso</span> <span class='ocrx_word' id='word_1_131' title='bbox 362 1226 457 1272; x_wconf 82' lang='lat' dir='ltr'>dimissis</span> <span class='ocrx_word' id='word_1_132' title='bbox 468 1226 637 1279; x_wconf 82' lang='lat' dir='ltr'>Macedonibus,</span> <span class='ocrx_word' id='word_1_133' title='bbox 648 1227 717 1287; x_wconf 75' lang='lat' dir='ltr'>legati</span> <span class='ocrx_word' id='word_1_134' title='bbox 728 1224 786 1272; x_wconf 82' lang='lat' dir='ltr'>ear-</span> 
     </span>
     <span class='ocr_line' id='line_1_18' title="bbox 3 1283 785 1352; baseline 0.003 -18"><span class='ocrx_word' id='word_1_135' title='bbox 3 1317 36 1338; x_wconf 71' lang='lat'>„·</span> <span class='ocrx_word' id='word_1_136' title='bbox 121 1289 272 1348; x_wconf 84' lang='lat' dir='ltr'>thsginienses</span> <span class='ocrx_word' id='word_1_137' title='bbox 283 1290 368 1336; x_wconf 82' lang='lat' dir='ltr'>vocati:</span> <span class='ocrx_word' id='word_1_138' title='bbox 382 1283 477 1349; x_wconf 81' lang='lat' dir='ltr'>quorum</span> <span class='ocrx_word' id='word_1_139' title='bbox 487 1291 589 1336; x_wconf 74' lang='lat' dir='ltr'>aetatrltus</span> <span class='ocrx_word' id='word_1_140' title='bbox 599 1290 785 1352; x_wconf 82' lang='lat' dir='ltr'>dignitatibusque</span> 
     </span>
     <span class='ocr_line' id='line_1_19' title="bbox 9 1352 785 1416; baseline 0.004 -20"><span class='ocrx_word' id='word_1_141' title='bbox 9 1375 39 1401; x_wconf 61' lang='grc' dir='ltr'>,ιι</span> <span class='ocrx_word' id='word_1_142' title='bbox 120 1353 245 1412; x_wconf 84' lang='lat' dir='ltr'>conspectis</span> <span class='ocrx_word' id='word_1_143' title='bbox 257 1353 319 1416; x_wconf 84' lang='lat' dir='ltr'>(narn</span> <span class='ocrx_word' id='word_1_144' title='bbox 330 1354 399 1414; x_wconf 87' lang='lat' dir='ltr'>longe</span> <span class='ocrx_word' id='word_1_145' title='bbox 409 1355 474 1415; x_wconf 88' lang='lat' dir='ltr'>primi</span> <span class='ocrx_word' id='word_1_146' title='bbox 484 1355 580 1400; x_wconf 81' lang='lat' dir='ltr'>civitatis</span> <span class='ocrx_word' id='word_1_147' title='bbox 589 1352 672 1414; x_wconf 82' lang='lat' dir='ltr'>erunt),</span> <span class='ocrx_word' id='word_1_148' title='bbox 685 1361 733 1400; x_wconf 91' lang='lat' dir='ltr'>tum</span> <span class='ocrx_word' id='word_1_149' title='bbox 744 1370 785 1415; x_wconf 90' lang='lat' dir='ltr'>pro</span> 
     </span>
     <span class='ocr_line' id='line_1_20' title="bbox 28 1417 785 1480; baseline 0.003 -18"><span class='ocrx_word' id='word_1_150' title='bbox 28 1429 37 1440; x_wconf 79' lang='grc'><em>·</em></span> <span class='ocrx_word' id='word_1_151' title='bbox 121 1431 147 1462; x_wconf 92' lang='lat' dir='ltr'>se</span> <span class='ocrx_word' id='word_1_152' title='bbox 159 1417 251 1476; x_wconf 84' lang='lat' dir='ltr'>quisque</span> <span class='ocrx_word' id='word_1_153' title='bbox 261 1417 341 1472; x_wconf 78' lang='lat' dir='ltr'>dicere,</span> <span class='ocrx_word' id='word_1_154' title='bbox 352 1433 405 1468; x_wconf 89' lang='lat' dir='ltr'>vere</span> <span class='ocrx_word' id='word_1_155' title='bbox 415 1418 561 1479; x_wconf 81' lang='lat' dir='ltr'>depaceugi.</span> <span class='ocrx_word' id='word_1_156' title='bbox 596 1417 696 1480; x_wconf 84' lang='lat' dir='ltr'>Insignis</span> <span class='ocrx_word' id='word_1_157' title='bbox 710 1426 785 1464; x_wconf 80' lang='lat' dir='ltr'>tamen</span> 
     </span>
    </p>
   </div>
   <div class='ocr_carea' id='block_1_8' title="bbox 10 1481 838 1608">
    <p class='ocr_par' dir='ltr' id='par_1_9' title="bbox 10 1481 838 1608">
     <span class='ocr_line' id='line_1_21' title="bbox 10 1481 786 1545; baseline 0.003 -19"><span class='ocrx_word' id='word_1_158' title='bbox 10 1498 29 1545; x_wconf 73' lang='lat' dir='ltr'>-j</span> <span class='ocrx_word' id='word_1_159' title='bbox 121 1481 181 1526; x_wconf 87' lang='lat' dir='ltr'>inter</span> <span class='ocrx_word' id='word_1_160' title='bbox 200 1489 292 1528; x_wconf 86' lang='lat' dir='ltr'>caeteros</span> <span class='ocrx_word' id='word_1_161' title='bbox 312 1481 443 1530; x_wconf 84' lang='lat' dir='ltr'>Husdmbal</span> <span class='ocrx_word' id='word_1_162' title='bbox 457 1489 511 1534; x_wconf 78' lang='lat' dir='ltr'>erat,</span> <span class='ocrx_word' id='word_1_163' title='bbox 536 1481 648 1544; x_wconf 82' lang='lat' dir='ltr'>(Haedum</span> <span class='ocrx_word' id='word_1_164' title='bbox 669 1482 786 1543; x_wconf 73' lang='lat' dir='ltr'>populares</span> 
     </span>
     <span class='ocr_line' id='line_1_22' title="bbox 120 1544 838 1608; baseline 0.004 -18"><span class='ocrx_word' id='word_1_165' title='bbox 120 1545 257 1606; x_wconf 84' lang='lat' dir='ltr'>cognomine</span> <span class='ocrx_word' id='word_1_166' title='bbox 271 1544 418 1608; x_wconf 80' lang='lat' dir='ltr'>appellebant)</span> <span class='ocrx_word' id='word_1_167' title='bbox 429 1546 490 1608; x_wconf 89' lang='lat' dir='ltr'>pacis</span> <span class='ocrx_word' id='word_1_168' title='bbox 505 1561 591 1608; x_wconf 89' lang='lat' dir='ltr'>semper</span> <span class='ocrx_word' id='word_1_169' title='bbox 605 1553 689 1600; x_wconf 82' lang='lat' dir='ltr'>auctor,</span> <span class='ocrx_word' id='word_1_170' title='bbox 706 1547 786 1593; x_wconf 82' lang='lat' dir='ltr'>adver·</span> <span class='ocrx_word' id='word_1_171' title='bbox 835 1550 838 1558; x_wconf 90' lang='grc'><strong>“</strong></span> 
     </span>
    </p>
   </div>
   <div class='ocr_carea' id='block_1_9' title="bbox 2 1609 786 2315">
    <p class='ocr_par' dir='ltr' id='par_1_10' title="bbox 4 1609 786 1800">
     <span class='ocr_line' id='line_1_23' title="bbox 19 1609 786 1672; baseline 0.001 -16"><span class='ocrx_word' id='word_1_172' title='bbox 19 1609 39 1661; x_wconf 61' lang='grc' dir='ltr'>,ζ’</span> <span class='ocrx_word' id='word_1_173' title='bbox 122 1624 205 1669; x_wconf 87' lang='lat' dir='ltr'>susque</span> <span class='ocrx_word' id='word_1_174' title='bbox 219 1609 309 1656; x_wconf 83' lang='lat' dir='ltr'>fectioni</span> <span class='ocrx_word' id='word_1_175' title='bbox 324 1609 434 1657; x_wconf 83' lang='lat' dir='ltr'>Burcinae.</span> <span class='ocrx_word' id='word_1_176' title='bbox 469 1610 507 1658; x_wconf 91' lang='lat' dir='ltr'>Eo</span> <span class='ocrx_word' id='word_1_177' title='bbox 522 1617 569 1656; x_wconf 85' lang='lat' dir='ltr'>tum</span> <span class='ocrx_word' id='word_1_178' title='bbox 579 1611 630 1672; x_wconf 91' lang='lat' dir='ltr'>plus</span> <span class='ocrx_word' id='word_1_179' title='bbox 644 1611 675 1656; x_wconf 93' lang='lat' dir='ltr'>illi</span> <span class='ocrx_word' id='word_1_180' title='bbox 688 1610 786 1657; x_wconf 69' lang='lat' dir='ltr'>rumori-</span> 
     </span>
     <span class='ocr_line' id='line_1_24' title="bbox 7 1673 786 1736; baseline 0 -16"><span class='ocrx_word' id='word_1_181' title='bbox 7 1689 38 1727; x_wconf 74' lang='grc' dir='ltr'>-ςι</span> <span class='ocrx_word' id='word_1_182' title='bbox 122 1673 176 1720; x_wconf 78' lang='lat' dir='ltr'>tatis</span> <span class='ocrx_word' id='word_1_183' title='bbox 194 1673 243 1728; x_wconf 78' lang='lat' dir='ltr'>fuit,</span> <span class='ocrx_word' id='word_1_184' title='bbox 260 1673 311 1721; x_wconf 91' lang='lat' dir='ltr'>belli</span> <span class='ocrx_word' id='word_1_185' title='bbox 327 1676 414 1736; x_wconf 78' lang='lat' dir='ltr'>culpem</span> <span class='ocrx_word' id='word_1_186' title='bbox 432 1675 456 1720; x_wconf 93' lang='lat' dir='ltr'>in</span> <span class='ocrx_word' id='word_1_187' title='bbox 474 1689 595 1736; x_wconf 82' lang='lat' dir='ltr'>paucomm</span> <span class='ocrx_word' id='word_1_188' title='bbox 614 1675 755 1736; x_wconf 75' lang='lat' dir='ltr'>cupiditatem</span> <span class='ocrx_word' id='word_1_189' title='bbox 771 1690 786 1720; x_wconf 85' lang='lat' dir='ltr'>u</span> 
     </span>
     <span class='ocr_line' id='line_1_25' title="bbox 4 1736 785 1800; baseline 0.008 -21"><span class='ocrx_word' id='word_1_190' title='bbox 4 1755 38 1793; x_wconf 39' lang='grc' dir='ltr'>,ᾗ</span> <span class='ocrx_word' id='word_1_191' title='bbox 122 1737 234 1797; x_wconf 81' lang='lat' dir='ltr'>republicis</span> <span class='ocrx_word' id='word_1_192' title='bbox 250 1737 403 1788; x_wconf 80' lang='lat' dir='ltr'>transferenti:</span> <span class='ocrx_word' id='word_1_193' title='bbox 422 1739 459 1800; x_wconf 90' lang='lat' dir='ltr'>qui</span> <span class='ocrx_word' id='word_1_194' title='bbox 477 1754 529 1784; x_wconf 92' lang='lat' dir='ltr'>cum</span> <span class='ocrx_word' id='word_1_195' title='bbox 543 1736 604 1785; x_wconf 72' lang='lat' dir='ltr'>varii</span> <span class='ocrx_word' id='word_1_196' title='bbox 618 1739 718 1785; x_wconf 83' lang='lat' dir='ltr'>oratione</span> <span class='ocrx_word' id='word_1_197' title='bbox 731 1753 785 1785; x_wconf 84' lang='lat' dir='ltr'>usus</span> 
     </span>
    </p>

    <p class='ocr_par' dir='ltr' id='par_1_11' title="bbox 20 1803 784 1864">
     <span class='ocr_line' id='line_1_26' title="bbox 20 1803 784 1864; baseline 0 -16"><span class='ocrx_word' id='word_1_198' title='bbox 20 1821 38 1856; x_wconf 54' lang='grc' dir='ltr'>ε.</span> <span class='ocrx_word' id='word_1_199' title='bbox 121 1809 189 1854; x_wconf 83' lang='lat' dir='ltr'>esset,</span> <span class='ocrx_word' id='word_1_200' title='bbox 201 1817 261 1848; x_wconf 89' lang='lat' dir='ltr'>nunc</span> <span class='ocrx_word' id='word_1_201' title='bbox 271 1803 386 1864; x_wconf 85' lang='lat' dir='ltr'>purgando</span> <span class='ocrx_word' id='word_1_202' title='bbox 397 1803 496 1857; x_wconf 88' lang='lat' dir='ltr'>crimina,</span> <span class='ocrx_word' id='word_1_203' title='bbox 508 1817 567 1849; x_wconf 91' lang='lat' dir='ltr'>nune</span> <span class='ocrx_word' id='word_1_204' title='bbox 578 1803 679 1863; x_wconf 75' lang='lat' dir='ltr'>quaedum</span> <span class='ocrx_word' id='word_1_205' title='bbox 686 1803 784 1858; x_wconf 81' lang='lat' dir='ltr'>latendo,</span> 
     </span>
    </p>

    <p class='ocr_par' dir='ltr' id='par_1_12' title="bbox 2 1862 786 2059">
     <span class='ocr_line' id='line_1_27' title="bbox 25 1862 784 1928; baseline 0 -14"><span class='ocrx_word' id='word_1_206' title='bbox 25 1887 37 1900; x_wconf 59' lang='lat'><em>⁶</em></span> <span class='ocrx_word' id='word_1_207' title='bbox 122 1881 153 1915; x_wconf 77' lang='lat' dir='ltr'>ue</span> <span class='ocrx_word' id='word_1_208' title='bbox 163 1862 302 1927; x_wconf 76' lang='lat' dir='ltr'>inpudenter</span> <span class='ocrx_word' id='word_1_209' title='bbox 313 1874 372 1914; x_wconf 87' lang='lat' dir='ltr'>certa</span> <span class='ocrx_word' id='word_1_210' title='bbox 382 1868 514 1928; x_wconf 87' lang='lat' dir='ltr'>negantibus</span> <span class='ocrx_word' id='word_1_211' title='bbox 524 1867 632 1914; x_wconf 89' lang='lat' dir='ltr'>diffieilior</span> <span class='ocrx_word' id='word_1_212' title='bbox 642 1868 784 1921; x_wconf 82' lang='lat' dir='ltr'>veniuesset,</span> 
     </span>
     <span class='ocr_line' id='line_1_28' title="bbox 6 1930 786 1993; baseline 0.003 -17"><span class='ocrx_word' id='word_1_213' title='bbox 6 1943 25 1992; x_wconf 53' lang='lat' dir='ltr'>‘m&#39;</span> <span class='ocrx_word' id='word_1_214' title='bbox 122 1945 184 1976; x_wconf 89' lang='lat' dir='ltr'>nune</span> <span class='ocrx_word' id='word_1_215' title='bbox 194 1931 305 1977; x_wconf 88' lang='lat' dir='ltr'>monendo</span> <span class='ocrx_word' id='word_1_216' title='bbox 315 1932 381 1978; x_wconf 86' lang='lat' dir='ltr'>etiam</span> <span class='ocrx_word' id='word_1_217' title='bbox 393 1930 472 1978; x_wconf 86' lang='lat' dir='ltr'>Patres</span> <span class='ocrx_word' id='word_1_218' title='bbox 482 1932 625 1993; x_wconf 86' lang='lat' dir='ltr'>conscriptos,</span> <span class='ocrx_word' id='word_1_219' title='bbox 638 1939 663 1978; x_wconf 90' lang='lat' dir='ltr'>ut</span> <span class='ocrx_word' id='word_1_220' title='bbox 674 1933 739 1978; x_wconf 88' lang='lat' dir='ltr'>rebus</span> <span class='ocrx_word' id='word_1_221' title='bbox 750 1947 786 1977; x_wconf 88' lang='lat' dir='ltr'>se·</span> 
     </span>
     <span class='ocr_line' id='line_1_29' title="bbox 2 1993 785 2059; baseline 0.003 -19"><span class='ocrx_word' id='word_1_222' title='bbox 2 2011 37 2059; x_wconf 44' lang='lat' dir='ltr'>ys</span> <span class='ocrx_word' id='word_1_223' title='bbox 121 1993 202 2040; x_wconf 89' lang='lat' dir='ltr'>cundis</span> <span class='ocrx_word' id='word_1_224' title='bbox 212 1995 311 2042; x_wconf 87' lang='lat' dir='ltr'>modeste</span> <span class='ocrx_word' id='word_1_225' title='bbox 321 2010 347 2042; x_wconf 84' lang='lat' dir='ltr'>ae</span> <span class='ocrx_word' id='word_1_226' title='bbox 357 1995 470 2042; x_wconf 83' lang='lat' dir='ltr'>moderate</span> <span class='ocrx_word' id='word_1_227' title='bbox 478 2003 606 2053; x_wconf 88' lang='lat' dir='ltr'>uterentur;</span> <span class='ocrx_word' id='word_1_228' title='bbox 624 1995 673 2043; x_wconf 85' lang='lat' dir='ltr'>“Si</span> <span class='ocrx_word' id='word_1_229' title='bbox 684 2011 709 2042; x_wconf 92' lang='lat' dir='ltr'>se</span> <span class='ocrx_word' id='word_1_230' title='bbox 719 2003 785 2056; x_wconf 88' lang='lat' dir='ltr'>atque</span> 
     </span>
    </p>

    <p class='ocr_par' dir='ltr' id='par_1_13' title="bbox 0 2057 785 2185">
     <span class='ocr_line' id='line_1_30' title="bbox 28 2057 785 2122; baseline 0.001 -18"><span class='ocrx_word' id='word_1_231' title='bbox 28 2100 37 2114; x_wconf 59' lang='grc'>,,</span> <span class='ocrx_word' id='word_1_232' title='bbox 123 2057 262 2106; x_wconf 79' lang='lat' dir='ltr'>Hannonem</span> <span class='ocrx_word' id='word_1_233' title='bbox 270 2060 382 2106; x_wconf 80' lang='lat' dir='ltr'>audissent</span> <span class='ocrx_word' id='word_1_234' title='bbox 393 2057 596 2122; x_wconf 75' lang='lat' dir='ltr'>Carthaginienses,</span> <span class='ocrx_word' id='word_1_235' title='bbox 608 2067 632 2106; x_wconf 88' lang='lat' dir='ltr'>et</span> <span class='ocrx_word' id='word_1_236' title='bbox 641 2067 742 2122; x_wconf 87' lang='lat' dir='ltr'>tempore</span> <span class='ocrx_word' id='word_1_237' title='bbox 752 2060 785 2106; x_wconf 88' lang='lat' dir='ltr'>uti</span> 
     </span>
     <span class='ocr_line' id='line_1_31' title="bbox 122 2123 785 2185; baseline 0 -15"><span class='ocrx_word' id='word_1_238' title='bbox 122 2123 253 2177; x_wconf 84' lang='lat' dir='ltr'>voluissent,</span> <span class='ocrx_word' id='word_1_239' title='bbox 265 2123 355 2170; x_wconf 88' lang='lat' dir='ltr'>daturos</span> <span class='ocrx_word' id='word_1_240' title='bbox 364 2123 433 2170; x_wconf 88' lang='lat' dir='ltr'>fuisse</span> <span class='ocrx_word' id='word_1_241' title='bbox 443 2125 503 2185; x_wconf 86' lang='lat' dir='ltr'>pacis</span> <span class='ocrx_word' id='word_1_242' title='bbox 510 2125 654 2178; x_wconf 87' lang='lat' dir='ltr'>conditiones,</span> <span class='ocrx_word' id='word_1_243' title='bbox 667 2140 721 2184; x_wconf 87' lang='lat' dir='ltr'>quas</span> <span class='ocrx_word' id='word_1_244' title='bbox 731 2131 785 2170; x_wconf 88' lang='lat' dir='ltr'>tune</span> 
     </span>
    </p>

    <p class='ocr_par' dir='ltr' id='par_1_14' title="bbox 0 2187 786 2315">
     <span class='ocr_line' id='line_1_32' title="bbox 31 2187 785 2249; baseline 0.003 -16"><span class='ocrx_word' id='word_1_245' title='bbox 31 2211 36 2224; x_wconf 90' lang='grc'>-</span> <span class='ocrx_word' id='word_1_246' title='bbox 121 2193 231 2249; x_wconf 83' lang='lat' dir='ltr'>peterent.</span> <span class='ocrx_word' id='word_1_247' title='bbox 256 2187 318 2234; x_wconf 83' lang='lat' dir='ltr'>Raro</span> <span class='ocrx_word' id='word_1_248' title='bbox 327 2189 393 2234; x_wconf 89' lang='lat' dir='ltr'>simul</span> <span class='ocrx_word' id='word_1_249' title='bbox 400 2189 525 2235; x_wconf 74' lang='lat' dir='ltr'>hominum</span> <span class='ocrx_word' id='word_1_250' title='bbox 535 2191 614 2244; x_wconf 84' lang='lat' dir='ltr'>bonam</span> <span class='ocrx_word' id='word_1_251' title='bbox 622 2188 735 2235; x_wconf 75' lang='lat' dir='ltr'>fortunam</span> <span class='ocrx_word' id='word_1_252' title='bbox 744 2189 785 2234; x_wconf 89' lang='lat' dir='ltr'>bo-</span> 
     </span>
     <span class='ocr_line' id='line_1_33' title="bbox 122 2244 786 2315; baseline 0 -17"><span class='ocrx_word' id='word_1_253' title='bbox 122 2266 219 2311; x_wconf 81' lang='lat' dir='ltr'>numque</span> <span class='ocrx_word' id='word_1_254' title='bbox 233 2253 401 2315; x_wconf 27' lang='lat' dir='ltr'>mentemudari.</span> <span class='ocrx_word' id='word_1_255' title='bbox 437 2252 548 2314; x_wconf 90' lang='lat' dir='ltr'>Populum</span> <span class='ocrx_word' id='word_1_256' title='bbox 565 2244 695 2300; x_wconf 76' lang='lat' dir='ltr'>Romanum</span> <span class='ocrx_word' id='word_1_257' title='bbox 709 2268 736 2300; x_wconf 91' lang='lat' dir='ltr'>eo</span> <span class='ocrx_word' id='word_1_258' title='bbox 750 2252 786 2298; x_wconf 89' lang='lat' dir='ltr'>in-</span> 
     </span>
    </p>
   </div>
   <div class='ocr_carea' id='block_1_10' title="bbox 121 2315 785 2378">
    <p class='ocr_par' dir='ltr' id='par_1_15' title="bbox 121 2315 785 2378">
     <span class='ocr_line' id='line_1_34' title="bbox 121 2315 785 2378; baseline 0 -16"><span class='ocrx_word' id='word_1_259' title='bbox 121 2315 211 2371; x_wconf 58' lang='lat' dir='ltr'>victum,</span> <span class='ocrx_word' id='word_1_260' title='bbox 223 2331 278 2374; x_wconf 80' lang='lat' dir='ltr'>esse,</span> <span class='ocrx_word' id='word_1_261' title='bbox 296 2316 355 2376; x_wconf 86' lang='lat' dir='ltr'>quod</span> <span class='ocrx_word' id='word_1_262' title='bbox 368 2317 392 2362; x_wconf 87' lang='lat' dir='ltr'>in</span> <span class='ocrx_word' id='word_1_263' title='bbox 407 2317 509 2363; x_wconf 88' lang='lat' dir='ltr'>secundis</span> <span class='ocrx_word' id='word_1_264' title='bbox 523 2319 588 2364; x_wconf 87' lang='lat' dir='ltr'>rebus</span> <span class='ocrx_word' id='word_1_265' title='bbox 603 2332 680 2378; x_wconf 79' lang='lat' dir='ltr'>supere</span> <span class='ocrx_word' id='word_1_266' title='bbox 693 2323 717 2363; x_wconf 89' lang='lat' dir='ltr'>et</span> <span class='ocrx_word' id='word_1_267' title='bbox 730 2331 785 2363; x_wconf 90' lang='lat' dir='ltr'>con-</span> 
     </span>
    </p>
   </div>
   <div class='ocr_carea' id='block_1_11' title="bbox 1 2378 785 2573">
    <p class='ocr_par' dir='ltr' id='par_1_16' title="bbox 1 2378 785 2573">
     <span class='ocr_line' id='line_1_35' title="bbox 1 2378 785 2450; baseline 0.003 -24"><span class='ocrx_word' id='word_1_268' title='bbox 1 2429 7 2450; x_wconf 51' lang='lat'><strong>·</strong></span> <span class='ocrx_word' id='word_1_269' title='bbox 31 2414 37 2434; x_wconf 70' lang='grc'>,,</span> <span class='ocrx_word' id='word_1_270' title='bbox 104 2379 196 2430; x_wconf 72' lang='lat' dir='ltr'>vsulere</span> <span class='ocrx_word' id='word_1_271' title='bbox 206 2381 344 2426; x_wconf 86' lang='lat' dir='ltr'>meminerit:</span> <span class='ocrx_word' id='word_1_272' title='bbox 362 2389 387 2436; x_wconf 82' lang='lat' dir='ltr'>et</span> <span class='ocrx_word' id='word_1_273' title='bbox 394 2380 533 2444; x_wconf 85' lang='lat' dir='ltr'>(Herculei)</span> <span class='ocrx_word' id='word_1_274' title='bbox 544 2378 668 2428; x_wconf 77' lang='lat' dir='ltr'>mirandum</span> <span class='ocrx_word' id='word_1_275' title='bbox 678 2381 785 2436; x_wconf 70' lang='lat' dir='ltr'>suissesi</span> 
     </span>
     <span class='ocr_line' id='line_1_36' title="bbox 26 2442 785 2506; baseline 0.004 -16"><span class='ocrx_word' id='word_1_276' title='bbox 26 2459 37 2498; x_wconf 59' lang='grc' dir='ltr'>ἐι</span> <span class='ocrx_word' id='word_1_277' title='bbox 120 2442 301 2492; x_wconf 74' lang='lat' dir='ltr'>aliterlaeerent.</span> <span class='ocrx_word' id='word_1_278' title='bbox 336 2445 376 2491; x_wconf 85' lang='lat' dir='ltr'>Ex</span> <span class='ocrx_word' id='word_1_279' title='bbox 385 2444 510 2500; x_wconf 73' lang='lat' dir='ltr'>insolentiis,</span> <span class='ocrx_word' id='word_1_280' title='bbox 521 2447 601 2506; x_wconf 86' lang='lat' dir='ltr'>quibus</span> <span class='ocrx_word' id='word_1_281' title='bbox 609 2445 785 2493; x_wconf 79' lang='lat' dir='ltr'>novubonafor-</span> 
     </span>
     <span class='ocr_line' id='line_1_37' title="bbox 34 2509 785 2573; baseline 0.005 -19"><span class='ocrx_word' id='word_1_282' title='bbox 34 2543 35 2546; x_wconf 17' lang='grc' dir='ltr'>η</span> <span class='ocrx_word' id='word_1_283' title='bbox 121 2515 178 2554; x_wconf 79' lang='lat' dir='ltr'>tuna</span> <span class='ocrx_word' id='word_1_284' title='bbox 195 2509 236 2561; x_wconf 76' lang='lat' dir='ltr'>sit.</span> <span class='ocrx_word' id='word_1_285' title='bbox 247 2509 380 2569; x_wconf 87' lang='lat' dir='ltr'>impotentes</span> <span class='ocrx_word' id='word_1_286' title='bbox 396 2510 480 2556; x_wconf 85' lang='lat' dir='ltr'>laetitiae</span> <span class='ocrx_word' id='word_1_287' title='bbox 494 2511 597 2556; x_wconf 78' lang='lat' dir='ltr'>insanire</span> <span class='ocrx_word' id='word_1_288' title='bbox 633 2510 720 2573; x_wconf 90' lang='lat' dir='ltr'>Populo</span> <span class='ocrx_word' id='word_1_289' title='bbox 735 2510 785 2558; x_wconf 85' lang='lat' dir='ltr'>Ro-</span> 
     </span>
    </p>
   </div>
   <div class='ocr_carea' id='block_1_12' title="bbox 7 2574 786 2718">
    <p class='ocr_par' dir='ltr' id='par_1_17' title="bbox 7 2574 786 2718">
     <span class='ocr_line' id='line_1_38' title="bbox 12 2574 786 2638; baseline 0.006 -21"><span class='ocrx_word' id='word_1_290' title='bbox 12 2605 15 2612; x_wconf 85' lang='lat'>.</span> <span class='ocrx_word' id='word_1_291' title='bbox 122 2586 190 2620; x_wconf 88' lang='lat' dir='ltr'>rnano</span> <span class='ocrx_word' id='word_1_292' title='bbox 199 2574 279 2620; x_wconf 83' lang='lat' dir='ltr'>usitata</span> <span class='ocrx_word' id='word_1_293' title='bbox 288 2589 314 2620; x_wconf 90' lang='lat' dir='ltr'>ae</span> <span class='ocrx_word' id='word_1_294' title='bbox 324 2589 392 2634; x_wconf 92' lang='lat' dir='ltr'>prope</span> <span class='ocrx_word' id='word_1_295' title='bbox 395 2575 443 2636; x_wconf 86' lang='lat' dir='ltr'>jam</span> <span class='ocrx_word' id='word_1_296' title='bbox 455 2575 554 2622; x_wconf 72' lang='lat' dir='ltr'>obsoleta</span> <span class='ocrx_word' id='word_1_297' title='bbox 563 2589 593 2621; x_wconf 85' lang='lat' dir='ltr'>ex</span> <span class='ocrx_word' id='word_1_298' title='bbox 602 2574 694 2624; x_wconf 75' lang='lat' dir='ltr'>victorii</span> <span class='ocrx_word' id='word_1_299' title='bbox 703 2576 786 2638; x_wconf 73' lang='lat' dir='ltr'>gaudis</span> 
     </span>
     <span class='ocr_line' id='line_1_39' title="bbox 7 2638 784 2718; baseline 0.006 -35"><span class='ocrx_word' id='word_1_300' title='bbox 7 2672 10 2678; x_wconf 92' lang='lat'>.</span> <span class='ocrx_word' id='word_1_301' title='bbox 26 2691 33 2718; x_wconf 22' lang='grc' dir='ltr'><strong><em>ί</em></strong></span> <span class='ocrx_word' id='word_1_302' title='bbox 119 2651 178 2692; x_wconf 85' lang='lat' dir='ltr'>esse,</span> <span class='ocrx_word' id='word_1_303' title='bbox 196 2653 222 2685; x_wconf 84' lang='lat' dir='ltr'>uc</span> <span class='ocrx_word' id='word_1_304' title='bbox 233 2638 284 2700; x_wconf 88' lang='lat' dir='ltr'>plus</span> <span class='ocrx_word' id='word_1_305' title='bbox 298 2653 362 2700; x_wconf 77' lang='lat' dir='ltr'>pene</span> <span class='ocrx_word' id='word_1_306' title='bbox 375 2639 485 2700; x_wconf 84' lang='lat' dir='ltr'>parcendo</span> <span class='ocrx_word' id='word_1_307' title='bbox 499 2640 571 2694; x_wconf 78' lang='lat' dir='ltr'>victis,</span> <span class='ocrx_word' id='word_1_308' title='bbox 588 2655 655 2702; x_wconf 74' lang='lat' dir='ltr'>quum</span> <span class='ocrx_word' id='word_1_309' title='bbox 666 2641 784 2695; x_wconf 83' lang='lat' dir='ltr'>vincendo,</span> 
     </span>
    </p>
   </div>
   <div class='ocr_carea' id='block_1_13' title="bbox 0 0 930 2917">
    <p class='ocr_par' dir='ltr' id='par_1_18' title="bbox 0 0 930 2917">
     <span class='ocr_line' id='line_1_40' title="bbox 0 0 930 2917; baseline 0 0"><span class='ocrx_word' id='word_1_310' title='bbox 0 0 930 2917; x_wconf 95' lang='lat' dir='ltr'> </span> 
     </span>
    </p>
   </div>
  </div>
 </body>
</html>
