1850 2917
191 157 222 208 T.
235 157 325 209 LIVII
342 159 395 210 Ius.
408 160 507 211 XXVI.
526 160 586 214 cn.
599 165 640 212 51.
705 165 751 212 m

84 283 155 338 Hunc
169 291 273 338 ordinem
286 292 367 340 laboris
382 292 511 355 quietisque,
529 293 603 356 quoad
616 267 770 356 cartilagine¹

82 357 162 402 morati
180 364 242 409 sunt,
262 356 385 404 servarunt.
420 357 550 434 Remigium
566 357 695 420 classicique
709 359 753 404 ml-

82 419 139 474 lites,
160 421 321 482 tranquillam
340 423 409 469 altum
425 423 504 477 evecti,
521 423 644 486 agilitatem
661 423 752 470 navium

83 486 209 532 simulacris
220 487 306 532 navalis
316 503 399 548 pugnae
409 488 583 548 experiebantur.
619 485 680 533 Haec
689 493 754 534 enta

83 551 159 597 urbem
169 549 231 598 terri
241 551 341 612 marique
351 567 443 614 corpora
453 552 519 598 simul
529 553 659 612 animosque
669 551 697 598 ad
707 550 754 598 bet·
827 592 831 603 ,

83 613 130 660 lum
146 615 269 662 ac‘uebant.
289 615 358 662 urbs
352 631 399 678 ipsa
409 617 518 677 strepebat
528 624 634 694 apparatu
645 615 704 669 belli,
719 613 755 662 fa·

82 680 128 726 bris
148 681 251 726 omnium
270 695 379 762 generum
397 681 421 727 in
439 681 526 742 publica
544 678 632 728 officiari
653 679 752 727 inclusis.

84 743 143 790 Dux
158 753 242 791 cuncta
254 745 301 806 pari
317 744 370 792 curi
381 746 467 791 obibat.
486 761 550 792 nuno
557 746 581 791 in
596 745 666 792 classe
676 759 702 791 ac
713 758 755 790 na·
786 767 790 772 ’

83 809 127 855 vali
146 816 211 866 erat3
232 824 292 855 nunc
311 825 361 856 cum
383 810 508 872 legionibus
528 809 672 868 decurrebat;
693 823 755 855 nunc

84 875 187 935 operibus
204 873 349 935 adspiciendis
365 882 454 936 tempus
472 874 542 928 dabat,
559 889 653 936 quaque
669 873 692 919 in
704 873 755 919 oill-

84 939 148 992 ciais,
160 953 259 998 quaeque
268 939 292 984 in
300 939 470 985 armamentario
478 954 503 985 ac
511 939 631 992 navahlrus,
642 938 755 986 fabrorum

84 1003 207 1050 multitudo
222 1003 316 1064 plurima
329 1003 351 1048 in
366 1004 468 1065 singulos
479 1003 526 1049 dies
538 1004 657 1050 certamine
668 1002 755 1066 ingemi

84 1066 186 1114 faciebat.
223 1067 270 1113 His
286 1070 317 1114 ita
331 1068 447 1122 inchoatis,
465 1067 602 1128 refectisque,
619 1066 662 1128 qni
680 1067 772 1129 quassi

85 1141 156 1185 erant,
181 1132 258 1185 muris,
282 1132 437 1194 dispositisque
457 1133 565 1194 praesidiis
585 1133 614 1179 ad
632 1133 756 1179 custodiam

85 1197 153 1249 urbis,
168 1195 319 1242 Tarraconem
329 1204 363 1242 est
370 1195 490 1258 protectus,
501 1213 515 1244 a
525 1197 601 1242 multis
608 1196 756 1258 legationsssus

83 1261 189 1324 protinus
199 1261 223 1306 in
234 1259 271 1307 vii
281 1261 365 1307 aditus:
384 1275 439 1321 quas
451 1262 530 1322 partlm
546 1261 598 1307 dato
609 1275 717 1324 responso
727 1271 757 1307 ex

3 1333 4 1340 ¹
84 1325 165 1372 itinere
175 1325 266 1400 dimisit,
281 1326 362 1387 partim
374 1325 458 1372 distulit
472 1325 629 1380 Tarraconem,
645 1342 691 1387 quo
703 1339 754 1372 om·

85 1391 151 1437 nnus
166 1390 233 1436 novis
247 1391 402 1450 veteribusque
418 1390 483 1436 sociis
498 1391 596 1436 edixem
610 1398 753 1438 conventum.

84 1443 118 1502 Et
130 1454 207 1502 cuncti
217 1453 271 1507 iere,
289 1455 326 1515 qui
337 1455 369 1501 cis
381 1453 470 1503 Iberum
482 1455 582 1501 incolunt
592 1455 675 1516 populi,
691 1455 756 1501 multi

85 1521 154 1566 etiam
170 1519 281 1565 ulterioris
296 1520 423 1580 provinciae,
441 1525 602 1566 convenerunt.

86 1585 199 1630 niensium
211 1583 279 1630 duces
289 1583 360 1644 primo
371 1599 400 1630 ex
410 1581 517 1630 industrii
527 1582 608 1630 lamam
620 1590 690 1644 captae
699 1580 757 1630 Car·

84 1648 186 1711 thagiuis
202 1655 394 1710 compresseruntr
412 1648 498 1701 deinde,
516 1655 542 1694 ut
555 1647 635 1694 clarior
650 1663 686 1694 res
700 1654 755 1704 erat,

85 1729 154 1775 quam
166 1720 192 1760 ut
203 1713 251 1774 tegi
262 1729 288 1759 ao
299 1712 430 1760 dissimulari
440 1719 523 1774 posset,
541 1711 656 1759 elevabant
666 1711 753 1758 verbis:

86 1778 259 1840 “Necopinato
269 1777 376 1832 adventu
391 1793 417 1823 ac
427 1793 497 1840 prope
506 1776 566 1823 furto
577 1778 643 1823 unius
657 1776 706 1831 diei,
719 1791 757 1822 ur·

84 1845 136 1890 bem
159 1857 228 1890 unam
249 1841 366 1904 Hispaniae
388 1843 545 1920 interceptam.
573 1843 636 1904 cujus
657 1841 689 1887 rei
710 1849 756 1888 tam

84 1923 162 1971 parvae
173 1907 267 1982 praemio
278 1907 359 1953 elatum
371 1907 521 1952 insolentem
510 1919 625 1969 Juveaem,
636 1904 758 1951 immodico

85 1973 169 2035 gaudio
178 1973 275 2034 speciem
286 1986 375 2032 magnae
385 1972 486 2017 victoriae
494 1970 633 2045 imposuIsse
667 1969 708 2022 Ar,
720 1968 757 2014 ubi

86 2039 264 2100 appropinquare
280 2044 326 2085 tres
341 2036 415 2089 duces,
433 2043 479 2082 tres
492 2035 588 2081 victores
604 2032 702 2080 hostium
717 2045 757 2080 ex-

86 2105 169 2149 ercitus
184 2102 289 2153 audisset,
308 2115 449 2146 occursuram
465 2100 487 2144 ei
500 2099 612 2160 externplo
623 2094 758 2144 domestico·-

86 2183 136 2213 rum
143 2166 250 2213 funerum
258 2163 405 2212 memoriam!
409 2162 524 2210 ’'Haec
518 2179 543 2209 m
551 2164 632 2227 vulgus
635 2164 756 2226 jactabant,

86 2229 278 2307 haudquaquam'
272 2231 313 2292 rpsi
328 2229 406 2310 ignari,
424 2235 532 2289 quantum
543 2228 584 2276 sibi
598 2227 626 2276 sd
638 2227 713 2276 omnia
723 2227 758 2274 ai-

88 2296 151 2353 rlum,
165 2293 305 2358 Carthagine
315 2291 402 2350 amissi,
415 2293 582 2340 ammas
609 2341 613 2348 ,
