1850 2917
174 136 224 181 288
271 130 301 183 T.
315 132 404 183 nvn
421 132 476 183 Lu.
490 132 615 195 xxvm.
634 132 746 185 Cur-88.

206 260 334 311 xxxin.
359 264 397 313 Ab
414 266 456 313 hnc
474 265 574 313 oratione
593 260 697 313 dimissos
714 264 742 311 ud
758 263 799 311 iter
813 276 838 310 se

173 331 302 391 sonspnrnre
312 330 336 375 in
346 330 406 377 diem
415 338 530 392 posterum
541 332 620 392 jubet;
637 330 791 393 profectusque
799 328 836 375 de

172 394 239 441 ciuis
247 395 325 441 sustris
335 396 436 456 pervenit
446 395 474 442 nd
483 394 573 443 Iberum
582 394 674 442 flumen.
701 394 763 449 Inde,
775 408 836 455 supe·

173 466 224 505 rato
241 460 309 513 tmni,
327 460 364 506 dic
379 467 459 519 quarto
474 461 498 506 in
515 467 636 522 conspectu
652 460 750 507 hostium
767 458 837 521 posuit

172 529 253 571 suns·
288 522 388 585 Csmpus
398 531 451 571 unte
460 526 574 571 montibus
584 526 643 572 circs
653 533 729 587 sewun
741 532 798 572 erut:
815 524 838 570 in

121 596 129 607 “
172 604 223 636 earn
242 588 322 635 vanem
342 589 416 651 Scipio
433 604 485 635 cum
504 605 591 651 pecora,
611 598 675 651 rupta
692 590 796 652 pleraque
811 602 838 635 ex

171 653 271 701 host'nnn
281 653 349 715 egris,
364 654 457 717 propelli
470 654 498 701 ad
507 655 635 701 irritandum
645 654 758 707 tertuum
767 654 839 701 nubs·

173 732 250 765 rorum
260 719 371 780 jussisset,
387 719 466 765 velites
481 720 578 766 subsidio
592 720 667 767 misit:
688 734 703 766 s
716 720 796 780 qrn‘bus
807 718 841 765 ubi
909 740 910 773 u

172 798 213 846 per
228 783 417 844 procursationem
434 784 554 831 commissa
569 798 645 847 pugne
660 791 728 838 esset,
747 783 842 831 Laelium
909 782 910 817 f

173 862 226 897 vm
236 848 335 908 equitatu
345 849 454 910 impetum
462 864 492 895 ex
499 848 587 895 occulto
594 848 667 896 fucere
672 849 746 910 jubet
773 848 843 897 Mons

173 918 298 974 opportune
308 913 436 973 prominens
447 914 546 975 equiturn
557 913 647 960 insidias
657 914 727 959 texit:
748 928 791 960 nec
801 912 845 959 ulls

173 992 238 1023 rnorn
251 992 335 1039 pugnae
348 976 407 1024 iectu
417 984 458 1025 est
495 970 592 1039 Hispani
602 979 626 1023 in
637 985 759 1039 conspecto
768 978 846 1039 procui

173 1051 261 1104 penore,
276 1041 356 1089 velites
365 1042 389 1087 in
405 1041 522 1105 Hispanos
536 1041 611 1104 praedd
625 1050 754 1103 occupatos,
770 1044 846 1089 incur·

174 1103 231 1155 stre
266 1105 350 1153 Primo·
358 1107 477 1153 missilibus
490 1104 631 1155 tertitsuere:
654 1107 741 1161 deinde,
759 1107 847 1153 emissis

171 1171 261 1220 levibus
281 1171 338 1225 telis,
363 1185 414 1232 quae
435 1172 521 1219 irritare
543 1171 615 1233 magis
636 1186 703 1232 quom
725 1172 848 1219 decennem
911 1220 912 1229 ,

173 1250 273 1299 purgum
284 1243 394 1297 poterunt,
409 1236 496 1298 gludios
509 1236 601 1290 nudant,
616 1244 640 1283 et
650 1237 732 1283 collnto
743 1238 803 1299 pede
813 1250 849 1283 res
911 1252 912 1289 3

174 1307 250 1361 ooepts
264 1301 313 1361 geri
329 1307 378 1347 est:
402 1315 527 1362 sucepsque
542 1302 643 1364 pedestre
658 1309 774 1347 certamen
790 1310 846 1355 erut,

174 1362 218 1411 nisi
232 1364 318 1425 equuteo
332 1366 519 1426 supervenissent.
555 1364 637 1427 Neque
650 1379 679 1412 ex
690 1365 787 1413 adverso
798 1374 848 1413 tnn-

174 1435 224 1485 turn
242 1428 297 1477 illnti
316 1430 394 1476 obvios
412 1428 530 1484 obtrivere,
551 1431 602 1477 sed·
613 1430 759 1477 circumvecti
780 1431 848 1478 etism

174 1497 264 1559 quidum
274 1510 314 1557 per
324 1492 401 1542 infimus
410 1494 462 1541 cdlvi
473 1496 500 1543 ub
512 1502 577 1557 tergo
592 1510 623 1549 se,
639 1502 664 1542 ut
678 1496 801 1558 plerosque
814 1497 850 1541 in·
912 1508 913 1529 ³

174 1560 331 1612 tercluderent,
343 1560 485 1623 objecerunt:
504 1560 618 1622 mqjonpue
629 1560 701 1607 caedes
711 1559 764 1615 suit,
780 1574 848 1621 quum

174 1635 280 1691 quantum
299 1625 365 1676 edere
379 1624 438 1672 levis
451 1639 493 1687 per
508 1625 651 1681 escurnones
665 1626 746 1686 proelin
766 1626 846 1673 solent

175 1692 215 1740 {tn
224 1691 297 1753 magis
307 1704 400 1737 souerse
409 1689 504 1736 adverso
515 1689 595 1751 proelio
609 1689 706 1735 bsrbnris
720 1695 763 1744 est,
781 1704 848 1751 quern

174 1755 287 1805 imminuti
297 1753 376 1801 numi:
391 1753 474 1814 itsque,
488 1768 516 1800 ne
526 1754 620 1815 perculsi
627 1749 765 1808 viderentur,
777 1752 850 1817 primi

106 1825 108 1828 '
174 1824 225 1871 tuoe
238 1826 329 1884 postem
343 1818 379 1865 die
391 1818 415 1865 in
429 1818 500 1865 adem
510 1816 645 1880 processere·
681 1818 737 1865 Non
749 1821 850 1881 ospiebst

175 1902 254 1936 ornnes
264 1885 340 1947 copias
349 1891 446 1945 ungusta
460 1882 531 1949 (sicut
544 1890 597 1931 snte
609 1883 693 1930 dictum
704 1880 751 1943 est)
767 1884 847 1931 vullis:

174 1954 227 2002 duae
237 1951 308 1999 iertne
318 1948 417 2011 peditum
427 1954 510 2010 pnrtes,
526 1949 599 1995 omnis
613 1948 725 2009 equitatus
738 1947 769 2001 tn„
778 1950 849 1996 aciem

175 2016 303 2067 ducenditr
321 2013 381 2075 quod
392 2012 500 2074 reliquum
511 2013 610 2075 pediturn
621 2009 676 2067 erut,
691 2012 782 2074 obliquo
794 2029 849 2061 con·

175 2084 297 2130 stituerunt
311 2078 375 2125 colle
411 2077 494 2139 Scipio,
511 2090 552 2139 pro
568 2092 594 2127 se
608 2092 659 2125 esse
672 2078 715 2125 loci
731 2079 850 2140 augustius

100 2164 105 2171 ·
174 2154 243 2199 rstus,
260 2142 764 2205 etquodinnrotopugnnltomnnonptior,
781 2158 849 2205 quum

175 2210 280 2271 Hispano
288 2206 360 2259 militi,
368 2206 444 2253 future
450 2206 573 2261 vidsbstnr,
583 2214 607 2255 et
614 2206 673 2268 quod
680 2207 704 2252 in
712 2222 765 2254 eum
771 2207 849 2255 locuni

173 2275 273 2323 detractu
282 2270 381 2316 hostium
391 2270 450 2317 scies
460 2279 527 2326 esset,
540 2270 578 2333 qui
589 2286 635 2318 non
643 2286 734 2318 ornnem
745 2272 850 2319 muin'tu·

173 2340 249 2385 dinem
260 2348 337 2383 eorum
348 2341 443 2395 caperet,
456 2350 517 2383 novo
525 2336 593 2383 etism
603 2335 697 2383 consilio
707 2336 791 2398 adjecit
801 2336 850 2384 soi·

171 2418 249 2450 rnunn:
269 2396 367 2458 equitem
382 2412 424 2445 nec
439 2415 465 2446 se
478 2412 545 2461 posse
558 2400 695 2448 tircumdnre
709 2401 851 2449 cornibusin

171 2474 220 2512 trun
231 2468 328 2524 nngusto
339 2462 422 2522 sputi03
437 2471 461 2511 et
472 2465 539 2520 hosti,
552 2480 619 2526 quem
627 2480 681 2512 cnm
691 2465 767 2527 pedite
777 2466 850 2513 edux-

171 2530 233 2580 isset,
251 2524 353 2572 inutilem
368 2524 424 2573 iore
461 2526 542 2590 Itaque
557 2530 652 2593 imperet
668 2528 749 2583 Laelio,
766 2538 795 2577 ut
810 2543 851 2594 per

170 2592 241 2639 colles
255 2604 321 2651 quam
335 2590 488 2642 oecultissinso
499 2594 580 2643 itinere
590 2594 742 2643 circumducat
752 2595 848 2654 equites,

170 2661 328 2719 segregetque,
348 2663 456 2715 quantum
473 2659 553 2721 possit,
573 2666 700 2723 equestrem
718 2674 733 2707 s
749 2659 849 2723 pedestri
