1850 2917
187 156 219 207 Τ.
231 154 320 205 LlVll
335 155 388 205 Lm.
401 154 619 207 XXV-'Canta
708 162 741 207 69

70 293 110 340 eet,
128 294 154 334 ut
170 293 252 333 contra
266 300 307 347 pro
322 293 455 349 ngrnnento
471 286 538 334 fuerit
553 287 591 335 illa
603 288 743 349 procurante

71 350 232 403 Numidarum,
253 350 402 400 Hannibalem
422 352 588 413 exercitumque
603 352 681 399 castris
697 366 744 399 non

72 417 177 463 movisse.
214 414 330 463 Hannibal
339 414 446 463 concubii
456 424 523 463 nocte
533 417 614 463 movit:
632 416 678 463 dux
689 415 744 463 Piri-

71 480 172 527 lemenus
191 488 248 533 erat,
272 495 323 525 cum
343 482 408 527 solito
426 488 498 543 ceptae
516 480 641 527 venationis
660 496 741 529 oneret

72 546 146 591 caeteri
157 545 285 607 proditores
296 558 328 599 ea,
344 560 396 605 quae
410 546 533 607 composita
543 552 613 598 erant,
629 553 745 607 exspecta

71 609 129 655 haut.
172 608 319 657 Convenerat
336 617 418 664 autem,
440 617 467 655 ut
486 608 637 663 Philemenus,
656 606 746 671 portali

72 671 160 721 assuetis
167 674 313 720 venationem
321 672 425 727 inferens,
437 674 667 732 armatosinduceret3
683 681 746 737 parte

72 737 113 785 uit
122 734 214 819 portiun
225 736 350 785 Temenida
359 738 429 785 adiret
440 737 562 785 Hannibal.
594 738 631 785 Ea
641 738 745 785 mediter·

75 818 139 849 ranes
156 803 253 864 regione
271 803 379 849 orientem
395 803 507 865 spectabat
523 805 537 832 *
550 805 564 831 ⁹
578 805 592 832 *
607 804 744 865 aliquantum

72 866 128 915 intra
135 867 381 913 moeuiaincluduntur·
404 866 464 915 Cum
473 874 544 929 portae
552 869 744 929 appropinquaret,

71 932 143 979 editus
154 945 186 979 ex
197 932 323 992 composito
333 932 392 993 ignis
406 933 434 977 ab
448 930 577 978 Hannibale
590 938 631 986 est,
647 932 747 979 refirlsit·

68 995 489 1120 iiiddii'im'iidiidmiaeiiiii
502 1004 747 1109 ”iiiifflii

68 1126 167 1172 ‚ducebat
182 1126 211 1171 ad
224 1132 320 1187 portam.
355 1124 415 1171 Nico
430 1140 459 1171 ex
472 1126 594 1187 improviso
606 1125 698 1173 adortus
708 1142 747 1172 so-

74 1190 132 1251 pitos
147 1190 231 1251 vigiles
247 1190 271 1234 in
288 1190 394 1236 cubilibus
410 1191 456 1237 suis
472 1192 595 1245 obtruncat,
614 1198 747 1252 portamque

74 1256 152 1316 aperit.
188 1254 304 1300 Hannibal
319 1269 371 1301 cum
387 1256 487 1316 peditum
503 1256 593 1317 agmine
607 1254 747 1317 ingreditur;

73 1321 162 1381 equites
174 1320 294 1365 subsistere
299 1320 377 1381 jubet3
395 1326 426 1373 ut,
442 1336 487 1380 quo
498 1335 534 1365 res
547 1320 652 1381 postulet,
667 1334 747 1367 occur·

74 1400 124 1431 rere
137 1384 209 1430 libero
223 1399 303 1445 campo
317 1391 424 1453 possent.=
450 1384 484 1431 Et
497 1383 641 1431 Philemenus
650 1384 748 1447 portulae

72 1456 139 1510 perte
153 1445 205 1501 sliri,
225 1445 270 1508 qua
285 1464 410 1495 commeare
426 1446 532 1501 assuerat,
550 1450 744 1511 appropinquabat

70 1512 140 1565 ,Nota
155 1527 203 1558 vox
219 1514 274 1573 qius,
292 1520 315 1559 et
329 1510 436 1559 familiare
447 1515 494 1575 Jsm
512 1514 602 1574 signum
618 1529 670 1559 cum
686 1514 748 1564 exci-

74 1576 147 1625 tisset
156 1577 257 1638 vigilem,
273 1576 373 1631 dicentis,
389 1578 428 1623 vix
443 1578 552 1624 sustinere
566 1577 657 1640 grandis
670 1578 749 1623 bestiae

74 1657 142 1694 onus,
162 1642 251 1703 portula
267 1642 369 1702 aperitur.
405 1639 531 1689 Inferent'es
547 1657 624 1703 aprum
641 1642 697 1688 duos
709 1643 749 1703 ju-

74 1722 146 1754 venes
162 1712 253 1751 secutus
269 1706 316 1767 ipse
332 1720 383 1751 cum
398 1707 501 1767 expedito
515 1713 629 1761 venatore,
647 1706 747 1768 vigilem}

74 1771 189 1831 incautius
203 1770 310 1816 miraculo
324 1770 484 1832 magnitudinis
496 1771 520 1819 in
531 1786 577 1825 eos,
592 1772 631 1831 qui
640 1770 747 1824 {erebant

8 1884 9 1887 ,
75 1850 175 1888 versum,
195 1835 304 1881 venabulo
320 1835 408 1897 trajicit.
443 1834 544 1897 Ingressi
562 1835 641 1882 deinde
657 1836 750 1897 triginta

8 1892 9 1899 ¹
76 1898 124 1947 iere
134 1900 215 1946 armati
226 1906 320 1945 caeteros
330 1899 410 1961 vigiles
421 1900 559 1953 obtruncant,
578 1899 749 1961 refringuntque

8 1966 10 2051 p
77 1972 165 2027 portam
184 1964 326 2025 proximam
348 1971 371 2009 et
389 1978 471 2025 agmen
488 1964 529 2011 snb
544 1964 615 2025 signis
630 1962 749 2009 confestim

77 2030 171 2091 irrupit:
189 2028 242 2074 inde
252 2043 303 2073 cum
315 2028 403 2074 silentio
416 2029 444 2074 iu'
453 2028 528 2075 sorum
543 2028 611 2082 ducti,
627 2027 749 2076 Hannibali

78 2108 127 2141 sese
140 2094 313 2154 conjunxerunt
349 2090 409 2141 Cum
424 2094 510 2140 duobus
524 2094 619 2139 millibus
631 2093 750 2143 Gallonrm

78 2157 173 2211 Poenus,
189 2159 214 2203 in
224 2164 270 2203 tres
281 2153 356 2203 divisis
366 2164 447 2219 partes¹¹
462 2153 589 2219 per'urbem
600 2158 691 2206 dimittit
700 2156 750 2203 Ta-

8 2264 9 2285 }
78 2222 186 2276 reatinos,
201 2228 225 2268 et
234 2222 314 2269 itinera
323 2238 391 2282 quarn
401 2222 498 2270 maxime
506 2222 632 2283 frequentia
641 2237 751 2284 occupem

75 2288 153 2349 Jubet3
169 2287 267 2333 tumultu
275 2292 333 2341 orto,
345 2286 551 2349 Romanospassirn
560 2288 623 2341 caedi,
635 2286 751 2349 oppidanis

78 2352 154 2413 parci:
174 2351 220 2405 sed,
237 2358 263 2397 ut
272 2350 319 2397 lieri
330 2351 353 2397 id
362 2359 444 2413 posset,
459 2353 560 2415 praecipit
570 2354 690 2415 juvenibus
703 2350 750 2398 Tt-

8 2416 9 2431 ’
79 2416 180 2469 rentinis,
197 2422 230 2470 ut,
246 2416 283 2463 ubi
297 2431 364 2477 quern
375 2432 467 2463 suorum
478 2417 557 2479 procul
571 2418 685 2470 vidissent,
701 2416 751 2476 qui·

79 2496 156 2528 escere
166 2488 190 2527 et
201 2481 273 2534 silere,
285 2496 311 2526 ac
321 2482 379 2529 bono
390 2482 465 2528 animo
475 2497 532 2535 esse,
539 2482 651 2543 juberent.

111 2546 145 2593 X.
168 2544 223 2593 Jam
237 2545 349 2593 tumultus
364 2552 411 2593 erat
426 2546 560 2605 clamorque,
577 2545 648 2604 qualis
663 2558 713 2590 asse
728 2542 752 2590 iu

79 2608 145 2673 capti
156 2611 212 2657 urbe
222 2610 292 2657 soleta
312 2610 358 2663 sed,
374 2610 427 2669 quid
441 2611 474 2657 rei
487 2616 554 2661 esset,
570 2622 636 2655 nemo
648 2606 701 2651 satis
711 2619 754 2664 pro

77 2682 141 2723 certo
153 2675 219 2725 scite·
253 2673 370 2729 Tarentini
384 2673 503 2724 Romanos
517 2673 545 2731 ad
560 2669 703 2732 diripiendam
715 2681 754 2711 ur-
825 2715 828 2729 s
