1850 2917
190 135 221 184 Τ.
235 132 325 182 LIVII
339 133 393 182 Lm.
407 133 492 182 XXV.
511 133 572 186 cn.
585 139 627 184 88·
699 139 747 186 1⁰¹!

78 273 177 315 mettere
191 265 293 314 animum
305 265 333 312 ab
345 265 434 312 assiduo
448 279 547 312 moerore
561 265 622 313 linet.
657 263 747 316 Praesto

77 341 110 380 est
124 333 186 380 einim
196 333 277 378 aoerba
286 330 400 384 memoria,
417 337 441 376 et
451 330 567 392 Scipiones
577 345 615 376 me
624 333 690 378 ambo
700 333 748 380 dies

78 406 199 458 noctesque
206 397 266 442 curis
276 395 435 455 insomniisque
445 395 539 457 agitant,
550 402 575 442 et
581 396 680 442 exciam
688 412 748 459 sepe

79 477 172 519 somus3
189 476 235 508 neu
251 476 283 514 se,
300 475 346 507 neu
359 460 455 508 invictos
469 475 510 521 per
523 467 576 506 octo
589 474 662 506 annos
674 460 699 506 in
712 463 748 509 his

79 527 142 574 terris
158 525 243 572 milites
258 540 318 577 suos,
336 525 499 571 commilitones
514 531 611 578 vestros,
628 539 673 572 neu
689 541 748 572 reso-

79 591 270 654 pablioampotiar
279 590 390 647 inultam
405 597 430 648 et
440 605 503 636 suam
514 589 652 652 disdplinam
664 605 749 650 suaqm

79 657 179 703 instituta
190 656 356 718 sequijubent;
372 661 403 708 et,
420 661 446 700 ut
454 647 554 716 imperiis
566 655 670 701 vivorum
681 669 749 704 nemo

80 721 216 768 obedientior
232 734 329 766 menno
344 718 419 772 suerit,
436 720 475 772 ita,
492 727 545 780 post
561 727 657 766 mortun
675 735 747 775 mam,

80 786 138 847 quod
151 783 243 846 quique
256 785 316 831 inre
330 783 429 832 &culros
442 783 572 831 illosiiriasa
587 785 749 833 maximenon-

81 865 147 905 seam,
164 851 189 896 id
203 850 313 912 optimum
324 849 410 896 ducere.
447 848 497 896 Vos
510 864 599 910 quoque
612 850 687 904 velim,
705 849 748 899 mi-

80 915 135 970 lites,
152 929 201 961 non
218 915 321 962 lamentis
332 913 481 974 lacrymisque
494 921 608 974 nmquam
624 915 748 962 astinetos

80 980 191 1044 prosequi,
213 980 305 1043 (rimini
320 980 442 1041 vigentque
455 977 516 1025 fami
532 994 607 1026 rerum
620 979 748 1042 gestarum)

80 1046 125 1100 sed,
142 1043 329 1106 quotiescumque
339 1042 440 1090 occurret
450 1044 558 1090 memoria
571 1044 667 1099 illonrm,
684 1045 749 1092 velut

80 1112 98 1158 ni
118 1110 265 1157 adhortantes
283 1109 417 1170 signumque
435 1109 516 1155 dantes
534 1108 628 1156 videatis
648 1125 694 1165 eos,
717 1111 750 1158 ita

78 1175 158 1238 proelia
168 1173 233 1221 inire.
267 1172 319 1220 Nee
331 1174 374 1220 alia
383 1172 483 1235 profecto
493 1175 585 1234 species,
597 1174 702 1222 hesterno
712 1175 749 1222 die

78 1240 150 1288 oculis
161 1239 287 1298 animisque
295 1239 377 1284 vestris
387 1238 467 1293 obiam,
482 1239 624 1286 memorabile
635 1239 692 1286 illud
702 1239 749 1286 edi·

79 1306 110 1352 dit
119 1304 235 1367 puellum,
252 1317 297 1363 quo
308 1303 466 1350 documentum
477 1302 568 1350 dedistis
578 1304 684 1359 hostrhs,
702 1319 749 1352 non

79 1385 130 1416 euin
142 1368 286 1430 Scipionibus
299 1367 435 1414 exstinctum
449 1383 499 1415 esse
510 1382 592 1415 nomen
602 1368 748 1428 Romanum

78 1444 108 1488 et,
124 1435 192 1496 cujus
205 1433 281 1496 populi
295 1433 330 1479 vis
341 1439 407 1494 atque
415 1433 488 1479 virtus
498 1446 544 1479 non
554 1434 633 1481 obruta
646 1434 676 1481 sit
686 1432 750 1483 can·

78 1499 142 1547 nansi
150 1497 226 1552 clade,
235 1511 264 1544 ex
274 1497 334 1544 omni
345 1497 446 1560 profecto
460 1495 547 1544 saevitii
557 1496 666 1545 Fortunae
676 1513 750 1545 emer.

13 1603 14 1608 ,
79 1579 155 1611 suram
174 1577 233 1609 esse.
268 1561 344 1616 Nunc,
362 1563 414 1622 quia
431 1569 519 1609 tontum
535 1563 583 1609 ausi
600 1563 653 1609 eatis
670 1571 751 1625 sponte

78 1627 163 1682 vestri,
177 1627 273 1689 expetiri
283 1627 343 1680 libet,
362 1634 471 1687 quantum
489 1627 589 1674 audeatis
603 1627 659 1674 duee
672 1635 750 1676 vestro

78 1701 178 1742 auctore.
216 1691 271 1738 Non
287 1691 347 1738 enim
361 1692 466 1741 hesterno
481 1691 524 1745 die,
540 1707 592 1739 curn
608 1693 698 1755 signum
713 1709 750 1741 re·
790 1686 793 1692 ’

77 1758 153 1821 ceptui
165 1756 216 1804 &di
228 1756 370 1817 sequentibus
379 1755 449 1803 effirse
458 1757 521 1804 vobis
531 1758 643 1804 turbatum
654 1759 749 1815 hostaris,

74 1823 184 1886 >frangere
194 1821 309 1869 audaciam
323 1828 428 1876 vestram,
446 1821 486 1868 sed
500 1821 588 1870 differre
602 1823 626 1869 in
642 1825 750 1886 mqlorem

79 1887 176 1951 gloriam
192 1894 262 1946 atque
280 1886 475 1948 opportunitatem,
494 1887 571 1945 volui;
587 1894 613 1932 ut
630 1887 750 1948 postmodo

79 1951 199 2016 praeparati
209 1951 319 2004 incautos,
336 1951 414 1998 armati
429 1951 533 2005 inermes,
550 1958 618 2011 atquc
630 1951 698 1998 etiam
712 1967 751 1999 so·

79 2019 145 2080 piton,
164 2032 206 2078 per
217 2016 356 2062 occasionem
372 2016 465 2077 aggredi
479 2016 582 2077 possetis.
617 2014 669 2062 Nec
685 2017 751 2080 liujus

80 2079 750 2145 occasionisspammiliteoiortetemeresedexreipal,

80 2153 215 2209 conceptam
226 2145 303 2192 habeo.
337 2145 362 2191 A
376 2145 439 2192 vobis
452 2160 542 2206 quoque
552 2145 654 2207 profecto
668 2148 687 2195 si
701 2148 751 2209 quis

80 2219 175 2274 quaerat,
187 2225 287 2272 quonam
297 2209 365 2256 modo
375 2210 439 2271 pauci
449 2225 463 2256 a
473 2210 558 2264 midde
573 2211 627 2257 victi
636 2225 650 2257 a
660 2213 752 2260 rimori-

80 2277 128 2331 bua.
141 2283 217 2323 castra
227 2275 293 2326 tutati
304 2276 351 2321 satis
359 2291 367 2332 ς
385 2275 440 2320 nihil
447 2274 672 2336 aliud'respondeatis.
684 2291 752 2338 φιυιι

81 2341 188 2404 idipsum
203 2340 309 2386 timentes
319 2353 360 2385 vos
376 2339 451 2385 omnia
466 2347 490 2384 et
503 2341 606 2400 operibus
615 2338 704 2387 firmata
713 2342 754 2388 ha·

82 2407 163 2459 baisse,
181 2413 206 2451 et
216 2404 277 2466 ipsos
287 2410 376 2466 paratos
389 2403 555 2463 instructosque
566 2402 644 2450 scrisse.
679 2403 714 2451 Et
722 2405 755 2453 ita

84 2485 106 2518 se
117 2485 154 2518 res
165 2470 246 2516 habet:
266 2468 293 2515 sd
304 2467 333 2522 id,
351 2468 418 2528 quod,
430 2481 460 2514 ne
470 2469 582 2521 timeatur,
593 2465 754 2521 fortuuaiaoit,

82 2535 175 2582 minime
183 2534 228 2580 tuti
239 2535 292 2580 sunt
301 2531 420 2589 hominen
437 2533 495 2592 quia,
506 2529 568 2591 quod
575 2529 708 2590 neglexeris,
720 2530 757 2575 in·

83 2607 174 2648 mutuam
185 2605 254 2659 atque
263 2605 365 2660 apertum
376 2597 463 2642 iahma.
498 2593 564 2642 Nihil
579 2592 680 2638 omnium
696 2606 757 2637 nunc

83 2666 157 2714 ninus
173 2669 281 2718 motuum
294 2663 379 2716 hosta,
398 2675 468 2724 quom
481 2673 519 2714 nes
536 2655 621 2705 Μ
634 2655 702 2702 ¹¹¹⁰d⁰
715 2653 759 2715 ipsi
