1850 2917
181 124 211 175 n.
223 122 311 175 mvn
327 126 381 174 ms
394 107 520 175 xxvni.
541 130 601 178 cm
615 136 655 177 48.
706 130 754 177 sos

85 272 132 313 ras,
142 258 163 305 si
173 256 197 305 in
208 257 308 305 Atticam
318 256 442 321 sujicerem
448 274 457 317 3
474 266 500 307 nt
510 268 583 307 meam
594 274 690 321 quoqne,
708 274 755 309 non

84 325 159 371 sokun
170 324 296 385 reipublicae
308 331 331 370 et
344 324 462 378 exercitiis,
480 324 552 371 vicem
568 325 681 372 videretur
695 326 756 372 solli-

82 389 150 435 citus.
187 387 257 434 Unde
267 390 316 435 haeo
325 395 417 450 repente
432 402 486 437 cura
500 390 528 436 de
542 404 579 437 me
590 390 686 437 exorta?
703 404 755 439 unm

82 461 149 516 pater
158 460 294 515 patruusque
309 468 372 500 mens
384 453 501 508 interiecti,
514 470 565 501 sum
584 455 628 502 duo
642 455 754 501 exerainn

82 525 165 565 eomim
185 534 256 579 prope
274 519 388 565 occidione
406 520 474 566 ooeisi
493 528 575 573 essem,
596 534 647 566 eum
666 519 755 566 amissae

83 582 214 645 Hispmriae,
232 598 283 629 enm
301 591 396 645 quatuor
414 586 525 632 exerdtus
547 584 678 638 Poenomm,
699 598 756 644 qua-

82 654 182 708 tuorque
198 648 266 695 duces
280 648 355 694 omnia
370 655 433 695 meta
448 651 559 710 armisque
575 656 683 702 tenerent,
701 662 754 695 cum

82 713 195 773 quaesitus
205 713 267 759 adid
277 714 358 759 bdlnm
374 715 495 775 imperator
506 730 572 761 nemo
584 730 608 761 se
618 713 753 767 ostenderet,

81 784 217 839 prseterme,
226 792 292 824 uerno
300 778 398 840 profiteri
402 794 484 826 nomen
491 796 558 826 ausus
566 787 632 833 esset,
642 794 693 825 cum
700 779 754 825 mihi

82 850 182 902 qnatuor
198 850 221 888 et
231 844 310 905 viginti
319 859 390 891 annos
401 853 454 891 nato
462 845 577 891 detulisset
589 844 705 905 imperium
713 858 755 905 po·

81 908 153 969 pnlus
163 907 295 965 Romanus3
312 909 406 969 quidita
419 917 468 955 tum
483 922 549 957 nemo
566 916 656 956 aetatem
672 924 753 962 meam,

83 972 133 1017 vim
144 972 251 1026 hostium,
262 974 414 1020 difficultatem
429 974 487 1029 belii,
505 975 573 1035 patris
588 976 704 1037 patruique
720 989 756 1021 re-

83 1043 176 1083 oentem
187 1038 272 1084 cladem
280 1040 484 1085 commemorabat?
510 1038 593 1086 Utrum
604 1040 674 1102 major
682 1039 755 1100 aliqua

84 1101 188 1147 nuncin
200 1101 278 1149 Africi
293 1104 406 1153 calamitas
422 1110 512 1166 accepta
528 1111 568 1157 est,
587 1120 653 1166 quam
666 1110 720 1149 ωηο
731 1104 755 1149 in

85 1160 201 1226 Hispaniis
210 1168 276 1213 erati
307 1168 347 1215 An
366 1171 461 1231 majores
476 1184 535 1215 nunc
546 1176 598 1216 sunt
609 1168 720 1215 exereitus
730 1169 755 1214 in

84 1227 173 1283 Africi,
186 1230 254 1277 duces
263 1234 338 1293 plnres
348 1234 501 1293 melioresque,
515 1250 581 1295 quam
592 1242 646 1280 ωηο
656 1234 680 1279 in
696 1231 754 1279 His-

86 1292 270 1355 panidfiterunt?
303 1298 342 1343 An
359 1305 413 1344 aetas
432 1306 553 1345 mestuus
572 1299 680 1346 maturior
695 1298 755 1345 bello

86 1360 188 1432 gerendo
204 1360 253 1414 fuit,
269 1378 336 1423 quam
352 1376 413 1409 nunc
430 1363 484 1409 est?
516 1365 555 1410 An
572 1376 623 1409 cum
635 1362 754 1424 Carthagi-

84 1425 160 1470 niensi
171 1426 236 1471 hoste
245 1427 269 1471 in
278 1425 395 1488 Hispanii,
407 1443 473 1489 quam
486 1428 510 1473 in
519 1427 603 1481 Africa,
615 1428 697 1473 beilum
705 1427 755 1487 geri

83 1490 161 1551 aptius
168 1490 220 1535 est?
248 1490 324 1537 Facile
331 1499 372 1545 est,
384 1500 435 1553 post
444 1492 508 1539 fusos
518 1491 652 1555 fugatosque
660 1498 756 1551 quatuor

83 1554 198 1600 exercitus
209 1554 315 1609 Punicos,
326 1564 378 1617 post
388 1564 423 1603 tot
433 1559 498 1603 urbes
508 1558 531 1603 vi
546 1564 627 1619 captas,
644 1562 682 1602 aut
692 1562 755 1601 metu

84 1620 189 1665 arrbnetas
199 1620 223 1664 in
234 1620 347 1675 ditionem,
363 1629 414 1683 post
428 1622 551 1683 perdomita
562 1621 636 1668 omnia
646 1635 717 1682 usqne
727 1618 756 1666 ad

84 1682 212 1737 Oceanum,
224 1691 259 1731 tot
269 1686 365 1747 regulos,
377 1693 413 1732 tot
423 1702 495 1733 saevas
505 1694 592 1749 gentes,
612 1693 663 1748 post
679 1700 756 1746 recep-

83 1754 132 1793 tent
143 1755 214 1795 totam
228 1747 367 1811 Hispaniam,
383 1751 415 1797 ita
428 1758 454 1797 ut
468 1752 588 1813 vestigium
606 1752 691 1797 nullum
704 1748 756 1796 beili

84 1813 196 1873 reliquum
205 1814 240 1867 sit,
251 1814 337 1861 elevare
345 1830 406 1861 mens
415 1831 450 1861 res
457 1823 544 1877 gestas:
561 1822 606 1861 tam
617 1812 754 1879 (Hercule!)

84 1892 162 1938 quam,
176 1879 277 1925 sivictor
291 1894 320 1925 ex
330 1878 409 1926 Africi
424 1880 533 1931 redierim,
552 1894 579 1924 ea
594 1880 642 1941 ipss
658 1879 753 1930 elevare,

85 1958 137 2002 qnae
149 1957 216 1996 nunc,
236 1943 344 1989 retinendi
360 1945 404 1989 mei
420 1943 494 1997 causi,
515 1950 540 1989 ut
557 1943 661 1989 terribilia
677 1942 754 1999 eadem

83 2008 208 2061 videantur,
222 2008 296 2054 verbis
306 2009 449 2055 extolluntur.
486 2006 564 2069 Negat
576 2007 659 2053 aditum
671 2020 721 2053 esse
731 2006 755 2051 in

84 2072 204 2128 Africam
229 2080 297 2134 negat
315 2074 373 2119 ullos
391 2080 467 2135 patere
485 2080 578 2135 portus:
605 2070 754 2119 mistirium

84 2134 176 2197 eaptrrm
187 2137 211 2182 in
222 2135 302 2183 Africis
309 2145 485 2194 commemorat;
502 2144 614 2199 tamquam
623 2136 659 2182 M.
671 2136 756 2183 Atilius

83 2203 159 2262 primo
169 2217 260 2247 accessu
271 2202 300 2248 ad
310 2202 410 2248 Africam
419 2200 535 2249 offenderit
545 2221 550 2249 :
569 2216 643 2263 neque
653 2201 756 2246 recorda-

84 2272 129 2319 tur,
138 2266 171 2312 illi
181 2267 224 2329 ipsi
234 2273 281 2313 tam
291 2266 373 2313 infelici
380 2268 507 2329 imperatori
515 2267 612 2329 patuisse
620 2273 695 2313 tamen
703 2280 757 2326 por-

84 2338 122 2377 tus
133 2330 227 2385 Africae,
240 2339 263 2377 et
273 2348 309 2377 res
322 2333 424 2393 egregias
438 2332 511 2392 primo
526 2348 585 2378 anno
601 2331 705 2393 gessisse,
724 2335 754 2381 et,

84 2403 195 2455 quantum
207 2396 235 2441 ad
247 2394 443 2457 Carthaginienses
459 2396 527 2441 duces
544 2397 630 2449 attinet,
648 2394 756 2440 invictum

85 2461 113 2507 ad
132 2460 239 2507 ultimum
256 2462 412 2522 pennensisse.
451 2458 516 2504 Nihil
533 2459 602 2520 igitur
618 2474 655 2504 me
671 2460 715 2503 isto
731 2464 759 2502 tu
823 2516 825 2521 ‚
915 2512 919 2521 .

84 2526 190 2587 exemplo
202 2525 313 2571 terrueris.
340 2524 363 2570 si
372 2525 415 2568 hoc
422 2523 489 2575 bello,
502 2538 547 2568 ηοη
556 2524 636 2585 priore,
649 2524 667 2569 si
678 2534 757 2582 nuper,

83 2598 107 2637 et
125 2604 173 2636 nott
189 2590 255 2635 annis
271 2596 323 2635 ante
338 2588 492 2648 quadraginta,
513 2588 557 2634 ista
574 2588 648 2633 clades
664 2590 760 2644 accepts

83 2654 159 2714 susm
183 2655 223 2723 qui
242 2668 288 2717 ego
306 2652 381 2699 minus
397 2652 421 2698 iu
437 2650 546 2709 Africam,
568 2651 660 2715 Regulo
683 2655 757 2712 captos
