1850 2917
177 119 223 166 ιιι
284 116 314 166 ι.
328 115 417 166 ιινιι
432 111 486 166 sn.
500 108 597 165 xxvi
616 107 676 168 cns.
689 94 753 164 ιιι

171 253 356 309 rcpente,.atque
376 263 405 295 ex
423 248 494 296 oculis
510 249 615 310 elapsam.
658 246 705 294 His
725 234 852 295 miraculis
921 288 923 297 ,

171 327 284 372 nunquam
301 314 328 359 ab
342 313 390 374 ipso
407 314 469 359 elusa
481 313 536 359 fides
546 321 596 371 est3
613 313 666 373 quin
684 311 759 374 potius
773 320 849 359 aucis
921 356 922 363 ,

170 383 218 423 arte
228 375 329 437 quidam,
342 393 383 424 nec
391 379 500 424 abnuendi
510 378 555 423 tale
564 377 690 438 quidquam,
706 391 748 421 nec
763 377 848 437 palam

171 441 301 487 affirmamdi.
336 441 411 488 Mults
426 439 469 488 alia
484 442 583 503 ejusdem
601 441 697 502 generis,
715 440 759 486 alia
774 456 845 495 vern,
921 484 922 487 ,

169 505 212 552 ulia
222 505 354 558 assimulata,
364 506 514 553 admirationis
524 507 627 552 humanae
637 506 661 550 in
669 507 787 567 eojuvene
799 519 847 550 ex-

169 579 282 616 cesserant
300 570 390 616 modum
399 587 415 616 :·
429 571 508 630 quibus
523 570 581 616 freta
596 578 650 616 tunc
669 571 754 622 civitas,
774 570 846 616 aetnti

169 633 337 695 haudquiqusm
351 641 445 681 maturae
455 643 540 680 mutam
551 635 633 681 molem
643 649 724 687 rerum,
736 640 846 680 tantum·

169 713 213 758 que
231 699 347 760 imperinm
369 699 475 760 permisit.
517 699 555 745 Ad
575 715 613 746 ons
631 699 712 759 copias,
732 712 789 757 quas
811 712 846 744 ex

168 771 245 809 vetere
258 764 357 810 exercitu
374 763 484 824 Hispania
496 764 595 817 bnbclnt,
607 778 702 823 quaeque
712 761 845 809 aPuteolis

168 843 219 873 cum
232 825 259 876 C·
270 827 364 874 Nerone
374 829 472 890 trajectae
482 835 552 881 erant,
566 828 643 874 decem
655 827 723 872 millia
737 826 841 872 militurn

168 898 192 938 et
213 893 273 938 mille
294 893 378 952 equites
395 892 519 950 adduntur3
542 899 566 938 et
585 891 621 938 M.
636 891 719 939 ,lunius
736 891 840 944 Silanus,

168 962 299 1017 propraetor,
316 956 403 1018 adjutor
419 957 447 1002 sd
463 971 498 1002 res
516 956 625 1018 gerendas
641 956 705 1002 datus
720 961 762 1000 est.
799 952 843 1002 Ita

168 1035 219 1066 cum
230 1020 321 1080 triginta
331 1021 421 1066 navium
440 1021 510 1067 classe
527 1022 616 1083 (omnes
635 1028 709 1066 autem
726 1019 841 1079 quinque-

168 1099 240 1130 remes
251 1081 324 1144 erant)
340 1085 401 1131 ostiis
412 1084 522 1131 Tiberinis
535 1083 654 1146 proiectus,
672 1091 753 1146 praetcr
770 1099 839 1130 oram

167 1147 237 1194 Tusci
248 1148 322 1202 maris,
334 1149 405 1210 Alpes
419 1157 485 1210 atque
496 1150 607 1197 Gallicum
620 1150 700 1201 sinum,
716 1155 739 1194 et
753 1147 841 1194 deinde

168 1211 272 1272 Pyrenaei
283 1214 444 1260 circumiectus
451 1215 635 1275 promontorium
645 1213 766 1274 Emporiis,
778 1213 840 1258 urbe
918 1252 923 1267 ,

169 1275 257 1330 Graeci,
271 1277 367 1340 (oriundi
379 1279 453 1339 stipsi
464 1294 478 1324 a
489 1277 588 1325 Pbocsui
601 1275 663 1337 sunt)
675 1277 748 1338 copias
762 1290 840 1337 expo-

167 1341 226 1386 suit:
245 1341 297 1388 iude
308 1343 368 1402 sequi
380 1343 554 1405 navibusJ'ussis,
573 1341 722 1388 Tarraconem
738 1341 837 1402 pedibus

166 1403 285 1466 profectus,
303 1413 437 1452 conventum
454 1407 554 1452 omnium
566 1407 676 1452 sociorum
688 1405 782 1467 (etenim
798 1405 837 1451 le-

166 1469 268 1550 gationes
284 1471 311 1516 ad
326 1469 408 1516 famam
424 1471 532 1523 udyentds
550 1472 598 1533 ejus
616 1485 646 1516 ex
661 1469 722 1515 omni
738 1484 763 1515 se
778 1485 838 1544 pro-

165 1534 239 1581 vincia
227 1531 380 1595 effuderant)
395 1535 477 1581 habuit.
512 1534 590 1581 Nares
604 1535 633 1580 ibi
650 1533 740 1580 subduci
753 1534 835 1595 jus-dt,

165 1599 262 1644 remissis
273 1606 368 1658 quatuor
377 1599 502 1646 triremibus
512 1599 694 1651 Massiliensium,
706 1613 756 1658 quae
764 1597 836 1644 officii
902 1636 907 1639 .

165 1661 232 1708 musi
248 1664 275 1708 ab
293 1663 359 1708 domo
377 1672 502 1724 prosecutae
517 1663 611 1709 fuerant.
645 1663 764 1724 Responsa
778 1662 838 1708 inda

164 1727 311 1788 legationibus
319 1728 430 1788 suspensis
438 1728 544 1774 varietate
551 1735 586 1774 tot
593 1742 684 1774 usuum
692 1725 838 1787 darecoepiu-

165 1791 197 1836 ita
207 1791 265 1837 elato
279 1792 306 1838 ab
321 1792 406 1853 ingenti
422 1793 530 1838 virtutum
546 1807 636 1838 suarum
649 1788 729 1838 fiduciis
744 1790 831 1844 animo,

166 1861 192 1901 ut
207 1855 292 1902 nullum
302 1855 366 1902 ferox
378 1857 468 1902 verbum
479 1856 606 1913 excideret3
622 1857 746 1916 ingensque
755 1854 833 1900 omui-

165 1921 213 1973 bus,
226 1933 276 1980 quae
286 1920 375 1974 diceret,
387 1935 438 1966 cum
449 1923 551 1982 maJ'eatas
561 1920 650 1973 inesset,
662 1926 710 1965 nrm
720 1917 785 1964 lides-

198 1984 256 2030 XX.
276 1983 393 2032 Proiectus
408 1985 436 2030 ab
451 1983 585 2037 Tarracone,
601 1991 626 2031 et
640 1984 743 2030 civitates
755 1983 835 2030 socio·

165 2063 216 2094 rum
224 2047 344 2095 ethrberna
352 2049 462 2096 exercitos
473 2049 539 2095 adiit:
555 2049 730 2108 collaudauitque
737 2047 830 2100 milites,

165 2111 231 2172 quod,
244 2112 327 2158 duabus
338 2113 405 2158 tantia
415 2113 512 2160 cladibus
521 2113 625 2174 deinceps
633 2112 680 2165 icti,
691 2111 837 2173 provinciam·

165 2175 327 2234 obtinuissent3
344 2192 385 2223 neo
397 2176 495 2224 fructum
506 2178 652 2224 mundanam
661 2191 735 2223 rerum
746 2176 833 2223 enare

164 2237 240 2287 hostes
256 2241 321 2300 passi,
338 2241 399 2286 omni
415 2243 447 2288 ois
462 2241 552 2288 Iberum
569 2256 624 2303 agro
639 2255 680 2287 eos
697 2240 829 2295 urcrdment,

164 2304 280 2365 sociosque
298 2319 349 2350 cum
364 2303 408 2352 fide
425 2307 490 2352 tutati
504 2312 585 2353 essent.
620 2305 733 2352 Marcium
751 2319 829 2361 secum

163 2367 256 2414 habebat
266 2383 317 2414 cum
328 2375 391 2414 tanto
403 2371 495 2424 honore,
513 2378 539 2417 ut
553 2370 619 2417 facile
633 2375 755 2432 appareret,
772 2369 835 2414 nihil

163 2431 238 2477 minus
256 2445 323 2492 quam
340 2433 419 2487 vereri,
442 2449 471 2481 ne
491 2435 542 2495 quis
559 2436 656 2481 obstaret
673 2433 753 2494 gloriae
769 2447 826 2480 snae.

164 2494 277 2542 Successit
294 2496 346 2542 inde
362 2496 449 2544 Neroni
467 2499 570 2557 Simuos,
589 2506 613 2546 et
629 2499 653 2544 in
668 2499 759 2543 hiberna
774 2498 831 2543 novi

163 2557 244 2604 milites
270 2559 366 2606 deducti.
411 2561 492 2624 Scipio,
519 2533 629 2616 ominbus,
652 2577 705 2622 qnae
728 2560 832 2610 mmcd:

162 2621 292 2686 agendaque
307 2631 377 2682 erant,
394 2633 482 2676 matuta
498 2628 563 2676 aditis
582 2627 728 2692 metisque
744 2623 831 2673 Turra-
