1850 2917
172 150 205 197 28
281 148 311 198 Τ.
325 146 413 199 LIVII
429 150 483 200 Lu.
496 148 594 201 XXIV.
613 149 674 205 Car.
687 150 729 201 24.’

173 274 323 327 Hannibalem
336 280 458 329 inituros.”
491 279 568 330 Fneils
581 299 617 330 res
631 284 759 346 impetretur
778 283 845 331 abire

171 343 232 391 enim
242 345 309 392 duoes
320 346 401 408 regios,
417 362 468 393 cum
482 348 566 409 peritos
577 348 670 402 militia,
686 354 734 394 tum
744 357 842 410 egentes

171 407 261 455 eosdem
269 417 337 471 atque
344 411 469 465 audaces‚e
500 412 506 423 ‘
564 418 584 457 t:
600 412 646 465 sed,
658 411 839 472 quodvolsbant,

172 486 226 526 non,
246 488 312 534 quam
331 483 441 521 maturato
452 491 467 522 o
518 484 573 529 erat,
587 477 674 523 naviter
683 476 837 537 expediebant.

171 535 265 584 Interim
278 539 373 601 juvenes
389 538 495 586 militares
511 550 535 586 et
551 540 631 587 assueti
648 540 760 594 militibus,
777 554 843 587 nune

171 602 229 664 apud
237 618 276 649 eos
284 602 350 664 ipsos,
361 618 420 649 nuno
428 605 487 666 apud
494 604 628 666 transfugas,
638 620 733 665 quorum
740 604 840 651 maxima

170 681 222 733 pars
232 681 261 713 ex
272 667 385 713 naualibus
395 668 461 715 sociis
471 668 626 715 Romanorum
637 677 691 723 erat,
703 669 839 715 nuncetiam

171 731 229 792 apud
239 730 322 777 infimae
331 731 401 793 plebis
411 732 519 786 homines,
531 733 623 779 crimina
633 734 733 780 serebant
740 733 764 777 in
772 748 840 783 sena-

170 802 219 842 tum
231 796 401 857 optimatesque:
420 804 435 826 ‘⁴
442 798 465 843 id
473 798 545 844 moliri
553 797 610 844 olam
617 813 657 844 eos
667 806 733 859 atque
743 804 837 851 struere,

170 867 197 906 ut
216 860 334 921 Syracusae
351 876 391 921 per
409 864 505 923 speciem
524 862 670 908 reconciliate
686 862 798 907 societatis
813 863 838 907 in

170 923 255 971 ditione
265 924 419 971 Romanorum
428 928 485 984 sint;
500 926 552 973 dein
558 926 626 973 factio
634 933 656 973 et
664 926 728 988 ponci
735 934 839 973 auctores

170 986 261 1035 federis
272 990 371 1035 renovati
381 990 549 1037 dominentur.”

203 1051 300 1099 XXIV.
315 1052 480 1101 Hisaudiendis
487 1056 644 1118 credendisque
650 1057 839 1119 opportunamul-

171 1116 250 1172 titudo,
262 1121 333 1180 major
342 1119 365 1163 in
377 1119 430 1173 (lies,
443 1120 565 1181 Syracusas
575 1121 711 1168 confluebat:
728 1135 770 1167 nec
781 1120 838 1183 Epi·

170 1182 222 1243 cydi
237 1182 308 1228 solum
323 1198 385 1244 spem
400 1185 551 1231 novandartnn
566 1201 647 1239 rerum,
665 1186 704 1232 sad
716 1186 837 1232 Andrano-

170 1247 226 1292 doro
244 1247 317 1301 etiam,
340 1250 465 1309 praebebat:
492 1252 537 1311 qui,
558 1250 632 1297 fessus
650 1251 739 1297 tandem
760 1250 838 1296 moris

170 1312 269 1363 vocibus,
287 1310 405 1366 monentis,
425 1322 440 1343 ‘⁶
449 1313 519 1360 Nunc
534 1314 588 1360 illud
603 1330 653 1361 esse
668 1322 755 1376 tempus
769 1330 837 1360 occu-

171 1375 237 1439 pandi
254 1390 296 1429 res,
314 1375 367 1423 dum
381 1379 469 1424 turbata
483 1379 558 1425 omnia
571 1376 630 1425 novi
644 1386 711 1439 atque
723 1378 837 1425 inconditi

170 1440 270 1487 libertate
280 1448 361 1494 essen,
378 1441 430 1487 dum
445 1444 513 1505 regiis
524 1444 637 1505 stipendiis
647 1450 723 1505 pastus
733 1444 838 1490 obversa-

170 1512 232 1551 retur
250 1505 320 1561 miles,
341 1506 393 1552 dum
410 1508 437 1554 ab
453 1506 581 1555 Hannibale
595 1509 657 1554 missi
672 1508 739 1554 duces
755 1508 838 1554 nsueti

170 1569 275 1616 militibus
282 1571 361 1633 juvare
370 1578 462 1633 possent
473 1571 585 1634 inospta,”
601 1588 652 1618 cum
663 1572 787 1625 Themisto,
800 1573 837 1619 cui

171 1633 266 1683 Gelonis
275 1634 321 1681 lilia
331 1642 406 1697 nupta,
418 1651 466 1682 rem
477 1637 625 1683 consociatam
635 1652 719 1699 paucos
729 1644 780 1698 post
791 1636 838 1683 dias

170 1698 273 1745 Aristoni
283 1699 369 1745 cuidam
380 1700 466 1762 tragico
476 1702 553 1755 actori,
564 1701 601 1747 cui
608 1709 631 1747 ct
638 1701 767 1747 absarcana
774 1716 838 1747 oom-

170 1762 259 1809 mittere
274 1761 380 1816 assuimt,
397 1764 486 1811 incaute
501 1766 577 1827 aperit.
613 1764 676 1811 Huic
690 1772 714 1811 et
726 1780 800 1827 genus
814 1772 838 1813 et

170 1826 260 1874 fortuna
269 1828 362 1875 honesta
372 1836 449 1886 erant;
470 1843 511 1875 nec
525 1844 567 1882 ars,
584 1829 637 1890 quia
651 1830 706 1875 nihil
719 1830 764 1877 tale
778 1831 839 1893 opud

171 1892 267 1939 Graecos
285 1892 363 1954 pudori
381 1900 423 1946 ent,
443 1909 471 1940 en
485 1893 627 1953 deformabat.
664 1892 750 1955 Itaque,
769 1892 838 1941 fidem

169 1956 278 2018 potiorem
298 1964 365 2010 ratus,
385 1972 452 2018 quam
471 1958 549 2019 patriae
567 1958 665 2011 debebat,
684 1958 790 2005 indicium
809 1960 839 2006 ad

169 2028 276 2083 praetores
287 2020 368 2068 defert:
387 2022 433 2083 qui,
446 2023 482 2068 ubi
494 2038 540 2069 ram
551 2022 610 2069 baud
619 2038 699 2070 vanam
710 2038 760 2070 esse
770 2024 840 2071 certis

168 2084 255 2131 indiciis
265 2094 427 2147 compererunt,
443 2082 551 2134 consultis
562 2088 690 2142 senioribus,
706 2096 730 2135 et
739 2089 839 2135 auctori-

170 2156 216 2196 tate
227 2164 304 2195 eorum
314 2149 417 2211 praesidio
427 2152 457 2197 nti
466 2151 526 2199 sores
536 2153 617 2213 posito,
628 2152 742 2215 ingressos
751 2154 839 2201 curiam

168 2211 310 2261 Themistum
326 2221 393 2275 atque
409 2215 597 2263 Andrnnodorum
613 2217 783 2265 interleoenmt:
806 2225 839 2273 et,

169 2292 221 2324 cum
233 2279 341 2325 tumultus
351 2279 379 2325 ab
389 2280 447 2326 rein
458 2282 554 2343 speciem
564 2282 679 2337 ntrociore,
692 2298 780 2330 cnusam
789 2282 840 2329 aliis

168 2341 328 2403 ignorantibus,
341 2351 404 2389 ortus
414 2353 480 2398 esset,
496 2346 584 2393 silentio
594 2346 684 2393 tandm
697 2346 763 2400 lacto,
778 2345 840 2393 indi-

169 2420 218 2452 cem
229 2407 252 2452 in
263 2408 347 2453 curiam
355 2408 533 2456 introduxerunt
561 2410 608 2465 Qui
616 2426 667 2457 oum
675 2411 752 2458 orrlina
762 2412 840 2459 omnia

168 2470 302 2524 edocuisset,
331 2480 354 2518 et
376 2473 509 2535 principium
532 2475 689 2539 conjurationis
707 2475 791 2522 iactum
811 2477 840 2523 ab

170 2532 303 2581 Harmoniae
323 2536 418 2583 Gelonis
435 2538 488 2584 lilios
510 2540 599 2601 nuptiis,
622 2540 701 2600 quibus
718 2538 840 2587 'lbemisto

164 2598 245 2659 Juncta
254 2607 328 2657 esset;
345 2600 454 2647 Afrorum
470 2602 666 2665 Hispanorumque
675 2604 792 2650 auxiliares
803 2604 841 2649 in-

169 2668 266 2711 structos
276 2663 305 2711 ad
315 2665 400 2713 oaedem
412 2674 534 2728 praetonun
547 2668 715 2731 principrmque
727 2667 840 2728 aliorum
