1850 2917
206 119 235 176 Τ.
249 119 338 170 le11
354 117 531 176 Lnxxm
553 120 612 175 cn.
628 126 665 170 11.
721 128 769 174 ms

100 262 164 304 mnis
176 250 313 304 sermnem,
326 265 398 312 promi
391 251 498 313 placuit.
533 250 664 303 Promtaad
673 262 769 315 quatuor

100 315 170 362 millia
182 315 260 376 pondo
276 314 335 362 auri.
353 315 406 362 inde
416 317 528 378 quingena
537 317 611 379 pondo
625 318 677 365 data
686 334 767 367 consu-
768 371 773 378 ,

98 379 162 433 bbus,
181 387 206 426 et
220 379 258 426 Μ
269 379 379 426 Marcello
396 388 419 426 et
438 379 466 426 P.
480 382 578 444 Sulpicio
592 384 766 458 proconsulibus,

97 453 120 497 et
130 443 161 490 L.
176 443 275 490 Veturio
288 445 384 504 praetori,
402 445 440 505 qui
456 446 553 492 Galliam
569 447 704 507 provinciam
718 463 767 494 sor·

96 509 152 554 titus
167 516 233 566 erat5
250 507 392 569 additumque
403 508 473 556 Fabio
487 511 572 557 consuli
589 518 678 557 centum
693 513 768 573 pondo

97 573 144 619 auri
155 573 303 635 praecipuum
321 573 397 634 quod
391 589 414 619 rn
429 589 502 620 arcem
513 573 657 622 Tarentinam
667 583 772 636 portare,

97 643 147 684 tur·
168 645 252 686 caetero
267 639 301 684 usi
313 639 403 684 suntad
413 639 545 686 vestimenta
559 640 663 701 praesenti
673 639 768 701 pecunid

98 701 193 748 locanda
210 702 324 756 exercitui,
341 703 379 762 qui
398 703 421 748 in
441 701 552 765 Hispaniis
568 704 650 752 bellum
669 703 767 752 secundi

97 781 137 812 sua
124 763 210 813 *famis
220 766 326 826 ducisque
336 768 433 828 gerebat.
768 763 772 771 '

128 830 177 876 XI.
199 829 305 892 Prodigia
323 846 418 892 quoque,
438 831 564 894 priusquam
574 834 611 880 ab
630 833 693 880 Urbe
712 848 767 881 con·

97 896 156 946 sules
170 894 371 957 proficiscerentur,
388 897 500 957 procurari
514 898 602 959 placuit.
638 897 767 950 InAlbano

97 968 175 1006 monte
192 967 253 1006 tacta
270 959 297 1005 de
314 960 373 1006 coelo
387 968 449 1007 erant
464 962 554 1022 siguum
568 961 640 1016 Jovis,
658 963 766 1024 arborque

97 1025 181 1086 templo
195 1024 325 1086 propinqua,
342 1032 366 1072 et
377 1024 448 1072 Ostiae
462 1027 530 1080 lacus,
548 1035 571 1073 et
584 1025 669 1088 Capuae
679 1043 764 1083 murus,

98 1087 252 1149 Fortunaeque
260 1089 325 1142 aedes
335 1097 358 1136 et
367 1089 479 1136 Sinuessae
486 1106 563 1137 murus
571 1101 684 1152 portaque.
704 1085 769 1140 Haec

97 1153 124 1200 de
139 1154 200 1203 coelo
214 1160 280 1206 ηοω.
316 1151 438 1201 cruentam
453 1155 519 1201 etiam
530 1155 622 1202 fluxisse
632 1171 711 1216 nquam
722 1152 768 1203 Al.

97 1219 185 1272 hanam
198 1218 287 1280 quidum
298 1225 399 1264 auctores
409 1226 479 1265 erant.
515 1218 549 1264 Et
556 1172 660 1267 Rornaeaq
650 1227 710 1266 mtus
720 1222 766 1267 cel-

96 1282 141 1340 lam
151 1282 209 1329 sedis
220 1281 296 1328 Fortis
310 1282 419 1330 Fortunae
433 1282 461 1330 de
475 1284 546 1344 capite
556 1285 654 1346 signum,
670 1284 747 1345 quod'
741 1300 766 1332 sn

96 1345 181 1395 boroni
200 1354 255 1400 erat,
272 1347 295 1392 in
314 1362 393 1393 manus
412 1356 491 1408 sponte
508 1345 548 1394 sui
563 1350 696 1411 prolapsum.
730 1349 766 1397 Et

97 1410 202 1460 Priverni
217 1412 270 1458 satis
285 1409 399 1459 constabat
413 1413 493 1458 bovem
507 1413 615 1467 locutum,
632 1415 766 1462 vulturium-

95 1475 261 1536 quefrequenti
270 1475 336 1522 loro'
330 1491 354 1521 ιο
364 1476 477 1523 tabernam
485 1475 606 1531 devolisse
618 1485 641 1524 et
653 1479 766 1526 Sinuessae

96 1548 176 1600 natum
191 1541 315 1602 ambigno'
309 1548 367 1586 rnter
380 1555 463 1586 marem
474 1556 500 1588 ac
510 1541 615 1588 feminam
627 1556 682 1588 sexu
693 1541 765 1589 inian-

96 1595 158 1662 lem3
176 1621 234 1666 quos
244 1605 387 1666 androgynos
397 1606 479 1667 vulgus
490 1606 534 1669 (ut,
546 1607 656 1668 pleraque,
667 1604 765 1654 faciliore

96 1670 125 1717 ad
143 1639 276 1732 duplicanda
293 1671 359 1718 verbs
378 1670 462 1718 Graeco
479 1669 594 1746 sermone)
612 1670 722 1733 appellat·
741 1678 765 1728 et

1 1793 2 1800 ἵ
96 1719 156 1781 lacte
169 1734 259 1796 pluisse,
277 1741 300 1780 et
310 1750 361 1781 cum
372 1735 482 1796 elephanti
492 1736 563 1797 capite
572 1751 665 1798 puerum
677 1743 762 1784 natum.

97 1798 135 1856 Ea
144 1799 247 1861 prodigia
256 1799 334 1846 hostiis
344 1799 462 1861 majoribus
470 1808 593 1862 procurata,
605 1808 629 1848 et
636 1787 766 1862 supplicatio

96 1864 766 1992 tnnmtldttttdilnttttttttitt

98 1993 120 2040 A
121 1992 206 2055 pollini,
223 1993 281 2040 sicut
295 1993 329 2039 his
344 1993 408 2040 annis
421 1993 469 2038 voti
478 1991 575 2052 factique
584 1999 655 2046 erant,
672 1999 766 2040 voveret

94 2057 231 2118 {semetque
266 2056 312 2104 Per
325 2073 365 2104 eos
379 2057 425 2103 dies
440 2063 464 2104 et
478 2057 607 2104 censoribus
620 2057 720 2104 creandis
731 2056 765 2121 Q.

96 2121 194 2170 Fulvius
204 2122 282 2168 consul
290 2122 380 2170 comitia
387 2121 469 2168 habuit.
497 2119 571 2169 Creati
580 2136 690 2174 censores,
700 2110 765 2169 ambo

96 2201 137 2248 qm
129 2186 245 2236 nondum
253 2187 355 2234 consules
362 2185 457 2240 fuerant,
467 2185 503 2233 Μ.
513 2184 632 2234 Cornelius
640 2185 764 2250 Cethegus,

97 2249 127 2300 P·
142 2251 286 2313 Sempronius
302 2251 435 2298 Tuditanus.
471 2250 506 2298 Hi
524 2266 628 2298 censores
643 2259 669 2297 ut
684 2266 765 2313 agrum

99 2303 241 2378 campanum
250 2316 369 2362 fruendum
379 2314 486 2369 locarent,
495 2329 525 2362 ex
532 2317 662 2363 auctoritate
670 2314 765 2361 Petrum

97 2381 187 2427 latum'
181 2395 204 2426 m
215 2381 301 2456 plebem
315 2387 357 2434 est,
374 2380 492 2442 plebesque
507 2379 577 2427 scirit.
614 2379 710 2428 Senatus
719 2379 766 2427 lec·

98 2445 184 2492 tionem
201 2445 314 2493 contentio
330 2445 388 2492 inter
401 2460 454 2492 cens
455 2459 505 2492 ores
520 2444 548 2491 de
560 2445 660 2508 principe
670 2444 766 2506 legendo

97 2510 180 2558 temrit.
215 2509 362 2572 Sempronii
357 2509 424 2556 lectio
442 2516 502 2556 erat·
521 2516 628 2556 caeterum
648 2507 767 2558 Cornelius

99 2582 217 2622 “morem
236 2575 341 2622 traditum
360 2589 374 2635 a
391 2574 490 2636 patnbua
511 2570 664 2634 sequendum”
686 2572 765 2623 aiebat.

96 2645 159 2692 “un
177 2639 216 2699 qui
226 2639 310 2702 primus
322 2653 408 2697 censor,
425 2653 454 2688 ex
465 2637 492 2694 iis
502 2639 541 2701 qui
555 2639 664 2698 uiuerent,
679 2635 765 2687 luisset,

129 2717 182 2751 vnn.
196 2717 232 2751 ιιι.
528 2716 541 2748 s
642 2729 645 2736 -
