1850 2917
184 129 510 183 nmvnmxvn.
529 132 589 185 cn.
605 138 642 185 ro
699 136 747 185 ros
779 116 784 135 '

77 260 141 309 irmo
161 263 313 311 consisterent
329 264 409 326 gmdu,
430 266 503 313 ierem
524 272 548 313 et
568 272 752 315 concursatorem.

77 328 173 382 hostem
186 336 256 389 atque
264 330 382 377 intervallo
389 337 470 383 mmm,
483 344 534 377 cum
545 331 623 391 procul
630 331 747 379 missilibus

75 408 151 455 pugna
162 393 269 446 eluditur,
278 394 402 440 instabilem
412 394 514 441 eumdem
522 396 550 441 ed
561 394 685 441 comminus
693 410 748 442 con-

74 458 181 503 serendas
191 472 282 511 manus,
290 458 423 520 expulenmt
432 459 489 513 ioco,
502 466 525 505 et
535 474 586 505 cnm
597 459 659 505 caede
666 458 748 520 magni

74 520 178 569 inaciem
188 522 264 569 altiori
272 531 434 583 superstantem
444 524 531 569 tumulo
541 520 665 585 impegere,
691 522 750 569 Inde

75 586 158 649 Scipio,
167 587 241 649 jussis
251 586 357 633 adseram
367 588 462 634 mediam
473 588 566 634 evadere
576 588 646 635 aciem
656 588 749 633 uictori-

74 652 120 705 bus,
142 659 242 697 caeterns
259 652 334 712 copias
350 668 403 699 cum
420 651 493 699 Laelio
510 652 602 709 dividit;
619 659 685 712 etque
695 666 747 697 eum

74 724 135 777 parte
141 713 227 762 dextri
237 716 317 761 mmuii
327 717 450 771 circumire,
459 717 531 764 donec
538 716 645 763 mollioris
655 717 748 763 adsccn-

75 782 112 827 sus
122 782 186 827 rium
193 780 312 834 inveniret,
319 782 398 841 jubet:
415 782 464 843 ipse
474 782 501 827 ab
511 779 575 835 laevi,
588 781 681 827 circuitu
689 780 748 827 haud

75 858 167 906 magno,
183 845 208 891 in
225 852 366 892 transversos
379 847 455 892 irostes
473 846 572 892 incurrit.
608 844 665 893 Inde
675 845 747 906 primo

76 911 164 955 trnbots
179 910 241 955 acies
257 916 299 963 est,
319 909 372 955 dum
388 910 417 957 od
433 911 633 957 circumsonantem
650 910 750 971 undique

75 974 198 1020 clamorem
209 973 300 1019 flectere
310 989 394 1021 cornua
403 986 427 1020 et
437 976 552 1021 obvertere
560 976 648 1021 ordines
658 974 744 1021 volunt·

77 1038 130 1084 Hoc
141 1038 245 1084 tumultu
255 1046 279 1085 et
289 1037 374 1084 Laelius
385 1039 451 1085 subiit
457 1056 466 1096 ;
484 1047 513 1092 et,
528 1039 580 1085 dum
595 1040 673 1101 pedem
690 1038 748 1086 refe·

76 1110 134 1157 nint,
146 1118 179 1149 ne
188 1104 218 1149 sb
232 1110 298 1164 tergo
312 1104 488 1157 vulnerarentur,
505 1104 578 1150 laxate
594 1104 665 1165 prima
681 1104 747 1157 acies,

76 1168 185 1227 bcusque
195 1167 226 1214 ud
236 1167 373 1213 evadendum
384 1175 407 1214 et
417 1168 496 1214 mediis
507 1168 573 1214 datus
588 1174 638 1224 est;
654 1168 692 1228 qui
709 1182 749 1229 per

77 1239 120 1278 tem
130 1232 238 1293 iniquum
244 1231 327 1285 locum,
339 1233 447 1279 stantibus
457 1232 551 1292 integris
565 1232 684 1285 ordinibus,
702 1232 748 1279 ele·

76 1297 212 1357 phantisque
228 1303 281 1342 ante
299 1297 364 1356 signs
379 1297 464 1349 locatis,
484 1310 596 1355 nunquam
615 1295 747 1344 evasissent.

78 1358 137 1407 Cum
156 1361 187 1406 ub
205 1360 268 1403 omni
286 1366 349 1419 purte
366 1358 439 1405 credes
452 1359 524 1413 iieret,
542 1360 623 1421 Scipio,
639 1360 677 1421 qui
686 1360 746 1407 lero

79 1424 182 1470 cornuin
193 1423 298 1469 dextrum
310 1424 466 1477 incucurrerat,
478 1424 576 1470 maxime
589 1425 613 1469 in
624 1425 684 1469 nuda
693 1424 747 1471 hos-

79 1489 132 1534 tium
139 1488 213 1535 latera
222 1488 343 1548 pugnabat·
377 1488 411 1534 Et
417 1490 465 1550 jam
477 1504 505 1534 ne
515 1488 577 1549 fugae
587 1488 675 1548 quidem
683 1495 747 1549 pote·

78 1553 113 1599 bat
122 1554 202 1599 locun
221 1558 305 1598 namet
315 1553 420 1598 annones
428 1553 539 1613 utrimque
547 1552 659 1599 Romanae
669 1550 748 1599 dextri

79 1615 180 1677 laevique
195 1616 324 1662 insederant
336 1617 400 1675 vias5
417 1624 441 1663 et
451 1624 539 1679 portem
550 1623 673 1663 caatrorum
684 1616 746 1663 ducis

78 1682 249 1743 principumque
257 1680 313 1741 fugu
320 1681 446 1738 cisusemt3
463 1678 536 1729 additi
546 1680 692 1744 trepidatione
701 1680 748 1729 ele·

79 1746 221 1806 phuntorum,
241 1760 298 1806 qnos
315 1746 404 1792 territos
422 1761 487 1806 aeque
503 1754 571 1807 etque
589 1747 665 1793 hostes
681 1745 747 1795 time·

79 1811 137 1857 hunt.
175 1808 245 1859 caesa
253 1810 323 1871 igitur
332 1810 360 1857 sd
371 1817 423 1857 octo
433 1811 502 1857 millis
511 1811 634 1857 hominum.

109 1873 186 1921 XIX.
200 1872 329 1920 Hasdrubal
334 1876 390 1936 jum,
399 1882 517 1936 antequem
525 1875 646 1927 dimicaret,
655 1872 748 1935 pocomi

78 1939 145 2001 rupti,
158 1939 327 2001 elephantisque
335 1940 463 2001 praemissis,
480 1938 668 2000 quamplurimos
684 1945 749 1999 pote·

78 2011 119 2058 rat,
130 2004 159 2051 de
169 2001 227 2065 fugi
238 2002 358 2065 excipiens,
373 2011 455 2065 praeter
465 2003 555 2065 Tagum
565 2002 649 2049 flumen
660 2003 688 2049 ad
699 2001 748 2065 Py-

76 2084 178 2116 renaeum
186 2067 265 2113 tendit.
299 2067 381 2129 Scipio,
393 2069 472 2115 castris
479 2068 576 2115 hostium
584 2067 674 2129 potitus,
687 2082 746 2122 cum,

77 2141 158 2195 praeter
168 2132 239 2179 hiera
252 2132 330 2194 cupito,
347 2148 437 2178 omnem
452 2133 550 2195 praedsm
568 2132 674 2179 militibus
692 2148 748 2179 con-

76 2198 189 2250 oessiaset,
197 2196 222 2241 in
230 2197 369 2243 recensendis
376 2198 470 2259 captivis
478 2198 554 2243 decem
563 2197 631 2243 millia
638 2197 744 2260 peditum,

77 2262 122 2310 duo
136 2262 209 2307 millia
224 2262 323 2321 equitum
339 2262 431 2307 invenit.
467 2261 506 2308 Ex
522 2262 549 2307 iis
567 2261 683 2323 Hispanos
700 2261 748 2307 sine

77 2326 149 2389 pretio
160 2340 241 2372 omnes
251 2326 342 2371 domum
353 2326 450 2383 dimisit3
465 2325 535 2373 Afros
546 2326 642 2373 vendere
650 2332 748 2386 questo-

75 2388 748 2517 snfflnffluttiztutittttut

437 2503 440 2511 .
544 2486 551 2508 r
736 2476 749 2489 “

76 2522 140 2585 gerrti
151 2535 265 2569 consensu
276 2519 401 2582 appellavit.
435 2518 496 2565 Tum
508 2519 589 2581 Scipio,
606 2519 694 2565 silentio
707 2530 748 2578 per

77 2601 207 2649 praeconem
217 2584 285 2640 fecto,
304 2592 321 2615 “
332 2584 373 2631 sibi
383 2584 505 2631 monimum
517 2597 599 2631 nornen
609 2580 748 2645 imperatoris
775 2582 778 2587 “

76 2650 152 2706 erse?
168 2650 235 2706 dixit,
254 2658 270 2681 ‘⁴
282 2664 327 2713 quo
343 2664 368 2697 se
383 2648 465 2697 milites
480 2648 515 2695 sui
533 2645 693 2717 pppeiirisaeutt
713 2656 749 2689 re-

110 2731 165 2764 νου
179 2730 217 2763 111.
510 2724 525 2758 n
