1850 2917
175 138 212 191 '76‘
291 138 320 190 Τ.
334 140 423 190 mvn
440 131 493 191 Lan.
507 140 590 190 XXV.
610 140 670 191 Csr.
686 145 723 189 14.

174 272 271 319 bostium
283 264 331 320 eret
341 276 422 321 cohors
433 272 542 335 Peligna:
561 275 624 335 eujus
634 272 752 335 prefectus
763 270 847 321 Vibius

175 338 288 385 Aeeuaeus
307 346 418 401 arreptum
437 339 544 392 vetillum
563 345 625 385 trnns
643 337 726 384 vallum
746 338 845 384 hostium

174 404 269 465 treJ'ecit.
303 404 441 453 Exsecrutus
451 404 504 449 inde
514 418 581 464 seque
591 411 615 449 et
629 404 750 454 cohortem,
767 403 785 448 si
796 405 847 465 ejus

174 469 250 514 vexilli
262 470 337 515 hostes
351 470 416 530 potiti
430 476 513 521 essent,
528 469 631 529 princeps
645 468 693 528 ipse
705 467 846 528 perfossam

174 533 302 594 vallumque
316 534 339 578 in
354 540 426 579 castra
438 534 547 593 irrumpit.
582 532 679 593 Jamque
692 533 751 577 intra
760 532 846 577 vellum

130 643 135 650 ,
176 594 266 659 Peligni
276 599 413 661 pugnabant,
429 612 480 643 cum
492 594 560 643 alteri
573 604 643 658 parte,
659 596 751 642 Valerio
762 594 848 642 Flacco

175 662 263 708 tribuno
275 663 369 709 militum
381 663 453 709 tertiae
467 662 562 723 legionis
574 663 722 723 exprobrante
735 658 850 707 Romanis
916 703 917 710 ,

175 726 295 787 ignaviam,
312 728 349 787 qui
363 727 428 773 sociis
438 734 554 787 captorum
564 736 687 773 castronnn
698 726 851 772 concederent

9 842 17 855 ¹
103 812 105 817 ¹
176 790 251 844 decus,
270 792 299 837 T.
314 790 433 845 Pedanius,
449 792 552 853 pn'noeps
567 792 653 852 primus
668 790 776 842 centurio,
794 805 849 836 cnm

177 855 284 917 signifero
301 857 390 917 signum
407 857 531 909 ademisset,
553 863 569 885 ‘⁴
579 854 632 903 Jarn
648 856 692 900 hoc
707 855 806 915 signnm,
825 861 852 901 et

176 920 213 966 hic
232 920 358 974 centurio,”
377 922 456 981 inquit,
478 921 563 966 “intra
581 920 664 967 vallum
680 920 778 965 bostium
794 920 848 966 erit.

178 984 312 1044 sequantur,
325 986 362 1046 qui
371 986 417 1047 capi
427 986 516 1048 signum
524 986 623 1031 abhoste
630 984 760 1046 prohibituri
766 982 851 1030 sunt.”

177 1048 331 1111 Manipulsres
343 1051 376 1096 sui
386 1052 482 1112 primum
493 1049 685 1096 transcendentem
693 1048 784 1102 fossam,
796 1049 852 1095 dein

178 1113 238 1175 legio
249 1122 297 1161 tote
308 1123 384 1162 secuta
393 1123 434 1162 est
469 1114 522 1163 Jam
532 1122 557 1161 et
566 1115 652 1167 consul,
664 1114 691 1160 ad
702 1120 851 1175 conspectum

178 1180 387 1243 transgredientium
405 1180 489 1227 vallrnn
507 1187 594 1225 mutato
612 1179 712 1231 oonsilio,
735 1179 763 1223 ab
782 1194 852 1225 revo-

178 1245 250 1290 cando
261 1246 288 1292 ad
299 1244 422 1292 incitandos
436 1244 602 1306 hortandosque
614 1259 693 1290 versus
706 1242 795 1297 milites,
812 1259 853 1290 os·

179 1309 277 1363 tendere,
295 1310 319 1354 in
335 1318 418 1369 quanto
434 1310 561 1356 discrimine
576 1324 602 1355 nc
615 1308 713 1370 periculo
726 1307 853 1355 fortissime

173 1374 260 1437 cohors
276 1374 386 1420 sociorum
401 1382 424 1421 et
438 1375 521 1420 civium
535 1374 595 1435 legio
611 1379 677 1419 esset.
712 1370 794 1433 Itaque
808 1388 853 1434 pro

180 1450 206 1484 se
220 1440 313 1499 quisque
329 1454 407 1485 onmes
421 1454 460 1500 per
476 1454 540 1499 aeque
554 1446 621 1499 atque
633 1438 709 1498 inique
721 1437 779 1490 loca,
797 1452 853 1484 curn

178 1504 276 1565 undique
287 1504 332 1551 tela
342 1505 510 1565 conjicerentur,
522 1518 627 1563 armaque
637 1510 660 1548 et
670 1516 763 1563 corpora
773 1503 854 1549 hostes

179 1569 307 1629 objicerent,
319 1569 449 1631 pervadunt,
460 1568 642 1629 irmmpuntque:
658 1566 723 1613 multi
730 1566 852 1622 uulnerati,

179 1633 247 1679 etiem
262 1648 318 1694 quos
332 1634 391 1680 vires
404 1634 539 1695 sanguisque
550 1633 668 1686 desereret,
686 1639 712 1677 ut
727 1630 788 1677 intra
803 1633 855 1680 val-·

179 1696 227 1743 lum
238 1698 335 1744 bostium
347 1698 457 1750 cederent,
469 1698 602 1744 nitebantur.
633 1695 791 1758 caputoque
801 1713 855 1744 mo-

178 1768 257 1809 mento
273 1763 386 1824 temporis,
403 1763 466 1809 velut
481 1763 504 1807 in
518 1763 585 1825 plano
600 1762 648 1815 sita,
666 1776 708 1807 nec
723 1763 855 1823 permunita

179 1834 258 1873 castra
295 1826 376 1875 Caedes
390 1826 448 1880 inde,
466 1842 511 1873 non
521 1829 569 1888 jam
583 1842 661 1889 pugna
674 1833 730 1879 erat,
746 1828 854 1874 omnibns

178 1892 238 1939 intra
256 1887 339 1939 vallum
357 1892 480 1954 permixtis.
516 1892 589 1952 Supra
607 1906 648 1937 sex
663 1887 733 1937 millia
750 1888 853 1938 hostium

179 1959 259 2011 occisa,
272 1973 338 2019 supra
349 1962 434 2018 septem
445 1956 514 2001 millia
524 1957 628 2017 capitum,
641 1971 692 2002 cum
702 1955 855 2003 frumentato-

177 2023 239 2069 ribus
250 2022 371 2083 Campanis
383 2020 488 2081 omnique
497 2021 646 2081 plaustrorum
661 2028 684 2067 et
694 2022 852 2082 jumentorum

178 2095 290 2147 apparatu,
311 2095 390 2147 capta:
416 2094 439 2132 et
457 2086 500 2131 alia
517 2086 598 2147 ingens
616 2086 692 2147 praeda
708 2085 759 2138 init,
782 2100 852 2146 quarn

178 2148 272 2204 Hanno,
285 2151 452 2212 populabundus
462 2151 545 2211 passim
556 2165 608 2196 oum
618 2148 680 2203 isset,
696 2164 726 2195 ex
736 2150 851 2197 sociorum
916 2149 917 2152 ’

177 2216 254 2277 populi
265 2214 364 2261 Romani
375 2216 435 2277 egris
443 2221 547 2261 traxerat
575 2213 639 2267 Inde,
652 2215 743 2277 deJectis
750 2216 852 2262 bostium

178 2278 264 2333 castris,
277 2279 433 2325 Beneventum
443 2279 538 2324 reditum
546 2286 588 2333 est,
597 2279 739 2341 praedamque
746 2278 775 2324 rbi
783 2281 852 2327 ambo

178 2344 282 2390 consules
299 2344 362 2405 (nam
377 2351 400 2389 et
415 2344 459 2405 Ap
475 2342 583 2391 Claudius
596 2359 624 2389 eo
639 2351 691 2404 post
704 2358 787 2405 paucos
802 2344 853 2391 dies
916 2347 918 2358 '

177 2405 252 2467 venit)
263 2408 418 2461 uendidenmt,
430 2406 607 2467 diviseruntque:
625 2415 649 2453 et
658 2408 742 2461 donati,
753 2422 851 2468 quorum

178 2468 245 2531 operi
256 2477 328 2517 cestra
338 2472 436 2519 hostium
447 2480 512 2534 capta
522 2479 598 2528 erant;
612 2479 666 2518 ante
673 2472 727 2519 alios
735 2472 851 2520 Aconteus

178 2534 295 2596 Pelignus,
316 2543 338 2581 et
357 2535 387 2581 T.
402 2536 514 2582 Pedanius
531 2537 635 2599 princeps
652 2536 725 2583 tertiae
742 2536 848 2599 legionis.
916 2545 918 2573 i

174 2597 265 2647 »Hanno
280 2600 307 2647 nb
322 2598 427 2649 Cominio
443 2600 528 2656 Cerito,
546 2615 592 2663 quo
608 2600 710 2648 nuntiata
725 2608 851 2649 castrorum
