1850 2917
160 184 206 229 150
265 176 712 228 T.Lw11nnxxvl.crr.so.
750 223 755 235 ,
816 165 820 170 ’

160 308 836 434 tttttiltirtli⁰itpitiiutlimii

160 441 241 487 merito
255 455 306 488 eum
322 447 373 486 ante
383 439 542 500 implacabilem
553 439 576 484 in
588 454 612 485 se
621 437 704 484 fuisse:
723 437 779 498 quid
788 439 836 484 ira?

161 512 218 560 tum,
235 505 296 566 quod
312 503 410 551 Romam
429 503 457 549 de
473 519 498 550 se
516 511 618 563 questum
634 503 723 548 venisse
743 502 836 550 Siculos

161 571 224 624 sciet
245 568 372 616 iectummi
396 568 467 615 Obrui
485 567 565 613 AEtnae
583 567 679 629 ignibus,
701 573 740 613 aut
759 567 835 628 mergi

158 633 225 696 freto,
244 633 312 681 satius
327 633 358 679 illi
373 633 452 678 insulae
467 648 523 686 esse,
541 647 607 692 quarn
622 631 685 677 velut
698 631 749 677 dedi
765 646 836 678 noxas

159 697 278 746 inimico.”
312 697 359 744 Hae
377 697 503 744 Siculorum
520 696 624 758 querelae‚
641 697 720 741 domos
734 695 836 756 primum

70 775 75 780 ’
160 763 268 810 nobilium
279 763 421 814 circumlatas,
439 762 600 820 celebratisque
610 760 756 813 sermonibus,
775 775 836 820 quos
852 816 856 826 1

160 829 241 892 partim
257 824 406 874 misericordia
421 825 554 877 Siculorum,
571 824 652 886 partim
667 825 752 870 invidia
766 823 837 871 Mar·

161 892 211 939 eelli
222 890 337 944 excitabat,
354 891 378 936 in
390 896 491 936 scnstum
502 889 568 936 etiam
579 896 735 950 pervenerunt.
773 888 836 936 Pos-

102 967 109 975 '
162 957 257 1004 tulatum
269 971 282 1002 a
292 955 419 1001 consulibus
429 961 471 1007 est,
484 961 509 1000 ut
517 955 544 1000 de
551 953 701 1014 permutandis
710 953 835 1015 provinciis
918 966 921 977 ’

162 1028 265 1068 senatun
281 1019 429 1066 consulerent.
465 1018 595 1070 Marcellus,
614 1025 629 1046 “
639 1019 657 1063 si
663 1019 712 1080 jam
723 1018 794 1065 auditi
805 1021 836 1066 al)

163 1092 241 1132 senatu
262 1083 329 1131 Siculi
349 1090 431 1135 essent,
449 1081 514 1129 aliam
533 1082 625 1128 forsitan
643 1081 742 1129 lirturam
762 1082 836 1132 fuisse

163 1149 296 1196 sententiam
313 1146 401 1201 suam,”
419 1148 504 1194 dicere:
525 1154 541 1176 “
552 1162 619 1200 nunc,
637 1162 666 1194 ne
683 1147 733 1208 quis
750 1149 837 1196 timore

162 1213 244 1262 frenari
263 1228 302 1260 eos
321 1213 394 1259 dicere
411 1218 494 1274 posset,
515 1227 560 1272 quc
578 1212 653 1258 minus
671 1213 700 1258 de
718 1227 746 1259 eo
765 1214 837 1262 libere

162 1286 291 1340 querentur,
308 1277 331 1322 in
346 1279 409 1340 cujus
420 1284 531 1338 potestate
540 1291 595 1323 mox
604 1276 673 1323 futuri
684 1278 736 1327 sint.
754 1279 775 1324 si
786 1280 837 1326 col-

162 1345 221 1405 legae
238 1342 293 1389 nihil
308 1341 402 1394 intersit,
426 1348 513 1388 mutare
532 1357 556 1387 se
574 1342 711 1404 provinciam
729 1350 835 1404 paratum
854 1338 859 1346 ’

162 1423 225 1455 esse:
244 1407 355 1468 deprecari
367 1405 456 1453 senstds
467 1406 634 1468 prejudicium
651 1421 710 1459 nam,
729 1423 782 1453 cum
793 1423 837 1455 ex.

161 1479 197 1519 tra
211 1477 294 1518 sortem
309 1471 403 1532 collegae
417 1471 532 1532 optionem
542 1471 589 1517 dari
599 1471 721 1532 provinciae
731 1471 836 1534 iniquum

160 1535 235 1592 fuerit,
253 1542 337 1597 quanto
347 1537 454 1597 majorem
464 1535 575 1597 injuriam,
592 1535 662 1582 immo
673 1537 834 1584 contumeliam

162 1617 220 1656 esse,
236 1607 319 1648 sortem
334 1615 397 1647 suam
408 1599 436 1646 ad
447 1614 498 1645 eurn
509 1598 622 1646 transferri
629 1599 658 1645 ?”
685 1600 721 1647 lta
731 1610 833 1657 senatus,

162 1682 222 1720 eum,
240 1665 293 1726 quid
303 1665 406 1726 placeret,
424 1665 496 1726 magis
507 1665 648 1719 ostendisset,
665 1680 733 1726 quam
744 1666 837 1715 decres-

162 1737 204 1784 set,
222 1729 345 1777 dimittitur.
381 1728 444 1775 Inter
454 1729 516 1790 ipsos
526 1730 629 1776 consules
636 1731 771 1792 permutatio
781 1749 837 1795 pro-

161 1795 293 1848 vinciarum,
311 1794 409 1856 rapiente
419 1793 466 1840 fato
477 1793 612 1841 Marcellum
627 1795 655 1841 ad
671 1794 834 1853 Hannibalem,

161 1859 221 1908 secu
231 1867 282 1917 est;
299 1866 332 1912 ut,
344 1873 374 1906 ex
384 1875 428 1919 quc
439 1859 523 1920 primus
531 1860 632 1907 adversae
641 1875 725 1921 pugnae
735 1862 835 1922 gloriam

163 1931 258 1988 ceperat,
276 1924 300 1970 in
315 1925 363 1986 ejus
377 1924 466 1970 laudem
478 1931 603 1984 postremus
619 1924 775 1971 Romanorum
787 1927 836 1972 irn-

100 1991 101 1996 ’
162 1997 298 2053 peratorum,
315 1989 426 2050 prosperis
438 1995 487 2034 tum
498 1988 595 2034 maxime
608 1988 691 2034 bellicis
704 1990 777 2043 rebus,
796 2007 837 2038 ca-

40 2081 45 2104 t
109 2111 111 2114 Ι
163 2055 234 2102 tieret·

197 2117 282 2164 XXX.
301 2117 438 2164 Permutatis
451 2117 578 2178 provinciis,
597 2114 673 2172 Siculi,
689 2119 713 2164 in
728 2126 834 2168 senatum

162 2183 290 2237 introducti,
308 2183 379 2228 multa
389 2183 417 2228 de
425 2180 534 2228 Hieronis
544 2182 604 2244 regis
614 2182 658 2230 lide
665 2181 770 2246 perpetui
778 2201 837 2249 erga

163 2247 270 2312 populum
286 2246 415 2293 Romanum
430 2248 498 2293 verba
514 2246 621 2302 fecemnt,
639 2249 663 2294 in
679 2249 775 2310 gratiam
790 2267 836 2313 pu·

162 2313 243 2360 blicam
255 2317 394 2371 avertentes:
415 2311 607 2372 “Hieronymum
618 2329 645 2359 ac
655 2322 732 2374 postea
741 2313 834 2378 Hippo-

163 2384 239 2424 craten
251 2382 274 2422 et
284 2375 403 2436 Epicyden
417 2382 532 2436 tyrannos,
544 2393 595 2424 cum
607 2379 636 2424 ob
645 2379 695 2430 alis,
707 2385 756 2424 tum
765 2394 836 2443 prop-

163 2449 198 2488 ter
213 2438 359 2486 defectionem
375 2441 402 2486 ab
412 2439 524 2488 Romanis
534 2443 562 2489 ad
573 2441 731 2497 Hannibalem,
738 2443 837 2493 invisos
890 2487 895 2496 ,

161 2503 233 2552 fuisse
243 2504 296 2550 sibi:
306 2504 345 2549 ‘ob
359 2519 408 2551 earn
423 2520 512 2552 csusam
527 2514 551 2553 et
562 2506 728 2567 Hieronymum
743 2521 757 2554 a
771 2509 836 2570 prin.

164 2569 248 2631 cipibus
254 2569 380 2632 Juventutis
390 2585 459 2632 prope
470 2572 557 2632 publico
568 2572 661 2619 consriio
673 2571 832 2624 interiectum

136 2658 139 2662 ’
163 2640 187 2680 et
205 2632 229 2678 in
248 2632 357 2695 Epicydis
376 2633 571 2697 Hippocratisque
585 2637 669 2682 cedern
691 2639 836 2702 septuaginta

164 2697 351 2748 nobilldmorum
354 2698 466 2761 juvenum
476 2701 652 2770 conjurationem
659 2699 757 2762 iocum
768 2719 835 2766 quos,
