1850 2917
193 153 224 201 T.
239 153 328 202 LIVll
345 154 401 202 Lm.
414 152 541 203 XXVIII.
561 152 676 204 Can-14·
727 162 776 207 805

98 285 199 347 aperiet:
220 292 243 332 et
260 286 283 331 id
300 293 335 333 eat
349 287 392 333 viri
409 293 433 333 et
447 286 516 339 ducis,
531 300 577 333 non
590 286 667 334 deorse
676 286 775 338 fortunae

94 350 206 411 praebenti
225 366 256 403 se,
277 358 300 397 et
319 353 393 398 obluta
414 366 468 398 caru
487 350 577 398 flectere
597 352 625 397 ad
644 354 769 401 consilium.

95 414 203 468 Habebo,
224 414 256 468 Q„
269 414 331 469 Fabi,
352 432 435 477 parem,
456 431 523 476 quem
541 417 586 469 dua,
606 416 773 478 Hannibalem

94 480 136 525 sed
147 481 212 525 illum
223 481 299 541 potius
310 497 354 543 ego
367 482 460 534 truham,
480 496 546 542 quam
564 482 601 527 ille
616 496 653 527 me
669 483 773 530 retineat.

94 543 127 591 In
143 543 186 591 sual
204 542 265 590 terrai
278 562 358 607 cogam
369 560 471 608 pugnare
481 544 540 600 eum,
554 553 577 593 et
588 545 704 609 Carthago
715 562 775 609 prae-

93 610 169 656 mium
179 610 283 656 victoriae
293 611 342 663 erit,
360 626 427 671 quam
442 611 548 658 semituta
564 610 707 658 Bruttiorum
724 627 775 660 cas-

94 676 158 722 tella.
195 674 235 721 Ne
245 676 297 735 quid
311 677 408 730 interim,
427 676 481 721 dum
499 677 592 739 trajicio,
613 677 666 723 dum
684 690 774 739 expono
794 698 805 729 a
877 697 880 705 ¹

94 740 224 787 exercitum
235 741 259 785 iu
268 740 352 794 Ainea,
365 742 418 787 dum
429 746 502 788 castra
512 742 540 787 ad
550 740 709 803 Carthaginem
718 758 771 805 pro-

92 821 189 859 moveo,
202 806 325 867 respublica
335 803 372 852 blc
383 806 510 853 detrimenti
521 808 599 867 capiat,
615 807 676 867 quod
686 814 719 861 tu,
737 807 770 862 Q,

94 869 162 923 Fabi,
183 886 236 916 cum
252 871 325 917 victor
339 870 388 918 total
401 870 467 918 ltalid
481 872 585 918 volitaret
596 871 718 925 Hannibal,
731 886 773 935 po-

93 936 161 982 tuisti
172 942 286 997 praestare,
299 937 342 983 boc
352 937 403 983 ride
415 952 445 983 ue
461 938 647 983 contumeliosum
664 937 699 991 sit,
716 952 772 983 con·
829 961 843 991 ῃ

94 1016 166 1047 cusso
175 1002 224 1063 jam
241 1009 264 1047 et
279 1016 345 1063 paeue
358 1001 430 1048 fracto
446 1001 580 1055 Hannibale,
596 1017 687 1063 negare,
704 1017 771 1064 posse

95 1065 129 1113 Pr
142 1065 256 1111 Licinium
268 1068 382 1113 consulem
395 1067 468 1113 virum
485 1065 631 1113 fortissimum
647 1076 770 1127 praeatarc3

93 1132 143 1191 qui,
156 1146 186 1175 ne
199 1131 288 1177 asacria
299 1133 355 1177 absit
365 1131 467 1193 pontifex
480 1132 598 1185 maximus,
615 1132 666 1177 ideo
682 1132 705 1177 ln
723 1148 772 1178 sor·

94 1202 144 1243 tem
156 1203 203 1241 tam
214 1196 345 1257 longinquae
354 1198 477 1259 provinciae
490 1211 536 1243 non
552 1197 621 1243 veuit.
658 1196 682 1246 si
695 1194 772 1260 (Her-

94 1258 176 1320 culei)
195 1261 264 1306 nihilo
280 1262 389 1308 maturius
405 1262 455 1315 hoc,
474 1277 518 1323 quo
534 1277 578 1323 ego
595 1276 684 1316 censeo,
702 1262 770 1309 modo

94 1325 242 1387 perficeretur
252 1326 351 1383 bellum;
368 1334 443 1373 tamen
454 1328 483 1373 ad
494 1327 624 1388 dignitatem
632 1328 708 1389 populi
719 1327 770 1379 Ro,

95 1392 166 1444 mani,
178 1390 306 1450 famamque
318 1392 376 1453 upud
393 1407 458 1453 regen
469 1399 593 1453 gentesque
604 1398 708 1439 externus
718 1408 769 1453 per·

93 1457 188 1509 tinebat,
202 1470 248 1501 non
264 1456 292 1501 ad
308 1455 469 1502 defendendam
487 1456 554 1502 modo
573 1455 668 1509 Italiam,
687 1457 726 1501 sed
742 1458 773 1503 ad

93 1520 213 1567 Inserenda
230 1521 296 1567 etiam
308 1520 394 1567 Africae
410 1536 478 1575 arma,
499 1520 569 1567 videri
588 1520 652 1566 nobis
669 1521 769 1567 animum

93 1602 162 1644 eeae3
180 1600 223 1631 nec
233 1586 277 1631 boc
288 1586 347 1632 credi
356 1586 494 1647 vulgarique,
508 1585 567 1646 quod
579 1584 694 1632 Hannibal
702 1600 770 1631 ausus

93 1652 131 1705 sit,
146 1652 261 1697 nemiuem
278 1651 357 1697 ducem
368 1651 525 1698 Romanorum
543 1650 636 1711 audere:
657 1657 679 1696 et
696 1650 770 1712 priore

94 1716 185 1763 Punico
199 1716 265 1769 bello,
281 1722 330 1762 tum
345 1732 397 1762 cum
414 1716 442 1762 de
462 1713 538 1763 sicilia
554 1722 682 1769 certaretur,
702 1715 769 1761 toties

94 1781 199 1828 Africam
210 1782 238 1827 ab
248 1782 331 1827 nostrin
342 1781 520 1841 exercitibusque
530 1784 553 1826 et
564 1780 670 1826 classibus
681 1794 769 1842 oppug-

93 1854 189 1903 natam;
206 1860 275 1899 nunc,
293 1861 344 1892 cum
359 1846 387 1891 de
398 1843 464 1892 Iulia
475 1851 579 1897 certetur,
590 1844 692 1890 Africam
703 1860 770 1905 paca-

94 1919 142 1957 tam
153 1926 210 1958 esee.
246 1911 382 1971 Requiescat
392 1910 511 1971 aliquando
519 1916 601 1956 vexata
611 1916 657 1954 tam
671 1909 708 1954 diu
721 1908 770 1955 Ita·

94 1977 136 2023 lla:
154 1983 234 2022 uratur
241 1981 399 2037 evasteturque
405 1975 502 2021 invicem
515 1973 600 2021 Africa.
628 1971 768 2020 CastraRo-

95 2056 163 2088 mana
173 2042 248 2103 potius
262 2035 407 2103 Carthaginis'
416 2040 487 2102 portia
497 2038 635 2091 immineant,
648 2052 714 2098 quam
726 2051 769 2083 nos

94 2108 178 2153 iterum
188 2106 273 2151 vallum
284 2107 382 2152 bostium
394 2120 423 2152 ex
430 2104 543 2151 moenibua
552 2103 634 2149 nostrIs
642 2102 766 2149 videamus.

95 2172 175 2219 Africa
194 2171 224 2217 eit
240 2170 317 2232 reliqui
336 2172 388 2217 belli
407 2171 484 2217 aedes:
504 2169 557 2215 illuc
573 2175 645 2214 terror
661 2167 767 2230 fugaque,
835 2183 839 2194 ‘
915 2208 916 2219 ,

95 2237 211 2299 populatio
226 2251 339 2298 agrorum,
359 2236 454 2282 delectio
471 2235 590 2287 sociorum,
609 2238 698 2279 eaeterae
717 2231 769 2279 belli

11 2342 16 2355 .
93 2303 177 2355 clades,
189 2316 241 2362 quae
256 2301 280 2346 in
297 2316 339 2347 noa
354 2317 395 2362 per
410 2296 577 2361 quatuordecIm
589 2312 660 2344 annos
676 2297 769 2358 ingrue-

94 2375 155 2421 runt,
168 2372 291 2413 vertantur.
328 2365 389 2419 Quae
403 2365 432 2411 ad
446 2365 604 2424 rempublicam
614 2362 734 2424 pertiuent,
747 2366 771 2405 et

94 2433 179 2490 bellum
196 2431 257 2491 quod
272 2431 348 2482 instat,
366 2437 389 2475 et
404 2428 531 2489 provincius
547 2428 574 2473 de
591 2428 670 2488 quibue
686 2426 769 2488 agitur,

94 2497 179 2542 dixisse
195 2496 249 2541 aetla
265 2501 315 2540 est:
333 2493 372 2539 illu
385 2493 455 2552 longa
470 2492 548 2544 oratio,
567 2506 609 2537 neo
624 2491 652 2537 ad
666 2504 708 2537 vos
719 2502 771 2551 per·

94 2562 170 2606 tinem
190 2560 226 2610 ait,
250 2560 276 2611 ci,
296 2555 484 2617 quemadmodum
505 2554 536 2608 Q,
551 2554 635 2602 Fabius
652 2568 715 2601 meas
734 2566 773 2596 res

93 2631 173 2686 gestae
183 2624 207 2668 iu
216 2619 328 2684 Hlaqarrid
338 2620 440 2672 elevavit,
449 2620 486 2664 aio
497 2624 520 2664 et
530 2634 574 2680 ego
585 2625 664 2665 contra
674 2615 770 2680 gloriam

93 2690 146 2752 ejua
154 2688 254 2743 eludere,
262 2693 286 2736 et
295 2700 368 2734 meam
378 2684 452 2735 verb'u
459 2682 580 2737 extollere,
594 2683 669 2732 velim.
704 2677 771 2727 Neu-

495 2750 539 2793 2u
555 2751 572 2793 3
