1850 2917
166 162 213 218 ris
267 163 297 214 T.
311 163 400 214 len
417 165 470 215 Lu.-
484 165 583 215 xxvt
603 162 663 215 cir.
676 167 716 214 so.

160 311 244 360 genere
254 296 325 344 laudis
336 297 480 360 sibimetipse
487 297 591 358 requavit,
603 302 627 344 et
636 294 720 343 coronis
730 293 798 342 sured
808 310 837 344 so

162 363 255 424 triginta
264 363 335 409 bubus
343 363 441 408 donavit.

194 425 290 473 XLIX.
309 426 371 473 Tum
385 426 473 473 obsides
487 427 609 474 civitatium
624 425 743 487 Hispaniae
756 426 835 473 vocari

157 492 240 554 Jussit3
257 506 352 551 quorum
368 499 463 552 quantus
482 507 589 538 numerus
604 490 679 543 tuerit,
696 491 761 552 piget
779 491 835 537 scri·

161 557 221 610 bere,
231 558 311 618 quippe
319 572 370 602 curn
379 557 429 602 olibi
436 563 549 602 trecentos
556 555 633 608 ferme,
643 555 693 601 aliisi
702 555 834 617 septingen.
919 582 920 587 ,

162 629 198 668 tos
209 622 289 683 viginti
300 621 397 682 quinque
409 620 479 668 firisse
496 621 616 667 inveniam.
651 620 729 680 AEque
747 627 771 666 et
791 620 835 667 atis

161 686 220 734 inter
230 693 332 732 auctores
343 685 475 747 discrepant.
511 683 644 732 Praesidium
655 683 769 730 Punicum
777 685 836 732 alius

162 751 246 804 decem,
259 750 315 797 nlius
324 757 416 812 septem,
428 750 484 796 alius
491 749 551 796 haud
558 750 608 812 plus
618 764 686 810 quam
698 748 769 795 dudm
782 750 834 796 mil·

161 815 216 861 lium
224 814 293 862 luisse
304 815 385 861 scribit.
421 813 494 876 Capta
500 815 551 868 aiibi
558 814 635 861 decem
645 813 715 860 millia
725 815 834 875 capitum,

161 880 211 927 alibi
223 894 288 941 supra
302 880 399 941 quinque
416 887 439 925 et
455 879 537 942 viginti
554 879 661 925 invenias.
697 879 837 940 Scorpiones

161 945 257 1006 majores
274 945 414 1004 minoresque
427 944 456 990 ad
473 945 589 1006 sexaginta
605 950 682 1005 coptos
697 944 833 1005 scripserim,

162 1009 181 1055 si
198 1015 311 1066 auctorem
327 1009 434 1056 Graecum
452 1024 531 1069 sequsr
545 1008 661 1065 Silenum;
679 1009 697 1054 si
713 1007 835 1054 Valerium

160 1071 286 1127 Antiatem,
302 1074 411 1135 majorum
426 1073 568 1135 scorpionum
581 1087 622 1120 sex
631 1073 705 1124 millis,
718 1073 835 1120 minorum

160 1137 281 1184 tredecim:
300 1137 356 1184 adeo
366 1138 440 1184 nullus
451 1138 571 1184 mentiendi
581 1137 662 1183 modus
676 1144 717 1184 est.
728 1159 732 1162 ·
753 1136 794 1184 Ne
805 1139 835 1185 de

102 1243 103 1248 ,
160 1202 253 1248 ducibus
264 1202 353 1263 quidem
364 1203 482 1249 convenit:
501 1203 600 1264 plerique
610 1201 707 1249 Laelium
714 1201 836 1264 praefisisse

160 1267 240 1324 elsssi3
253 1274 311 1319 sunt,
321 1267 358 1327 qui
367 1267 403 1312 M.
412 1266 507 1314 Junium
516 1267 616 1314 Silanum
624 1266 705 1312 dicant.
735 1266 834 1314 Arinem

159 1331 277 1393 praefuisse
285 1329 371 1377 Punico
379 1331 490 1392 praesidio,
503 1331 644 1392 deditumque
652 1330 769 1385 Maianis,
781 1332 834 1378 An-

161 1395 204 1442 tias
212 1393 330 1452 Valerium
343 1395 469 1457 Magonem
476 1396 513 1442 alii
521 1396 639 1458 scriptores
647 1396 743 1442 trudunt.
774 1395 832 1442 Non

161 1460 189 1506 de
200 1475 293 1506 numero
304 1461 393 1506 nmium
405 1467 525 1522 captarum,
538 1460 620 1506 nonde
629 1460 728 1522 pondere
737 1460 786 1508 auri
797 1468 834 1507 at-

162 1540 205 1586 que
218 1524 311 1588 argenti,
325 1532 347 1571 et
364 1525 458 1571 redactae
474 1525 582 1587 pecuniae,
600 1525 712 1570 convenit
748 1525 773 1572 si
790 1526 833 1572 sli-

35 1647 38 1656 1
95 1593 97 1598 ’
161 1591 240 1652 quibus
261 1591 362 1638 assentiri
381 1605 472 1636 necesse
493 1598 534 1644 est,
554 1589 626 1636 medin
643 1590 755 1635 simillime
771 1591 834 1638 reris

161 1663 220 1702 sunt.
258 1654 373 1703 Caeterum
390 1654 472 1716 Scipio¹
492 1655 577 1701 vocatis
594 1655 711 1707 obsidibus,
731 1654 831 1716 primum

161 1720 277 1766 universos
291 1721 374 1765 bonum
388 1720 487 1765 animum
501 1721 581 1765 habere
592 1719 667 1781 jussit
704 1718 833 1768 “Venisse

159 1797 199 1830 eos
210 1784 233 1829 in
244 1783 318 1844 populi
330 1783 427 1846 Romani
438 1791 578 1846 potestaten,
590 1785 628 1844 qui
639 1782 746 1829 beneficio
755 1783 832 1844 'quam

160 1855 223 1894 metu
238 1848 335 1910 obligare
351 1849 452 1894 homines
463 1849 540 1906 mslit3
556 1854 688 1908 exterasque
694 1856 775 1910 gentes
785 1848 833 1897 lide

160 1927 186 1959 uc
198 1914 302 1960 societate
308 1914 399 1975 junctas
409 1913 496 1967 habere,
508 1927 575 1974 quam
590 1913 647 1959 tristi
663 1914 771 1974 subjectns
783 1928 832 1961 ser-

160 1977 242 2024 vitio-'¹
275 1976 373 2032 Deinde,
391 1978 487 2038 acceptis
503 1977 629 2024 nomim'bus
644 1977 775 2032 civitatium,
793 1994 832 2026 re-

161 2042 249 2088 censuit
264 2043 371 2104 mpfivos,
391 2049 447 2102 quot
467 2043 574 2104 ouJusque
593 2043 669 2104 populi
691 2050 781 2100 essent;
805 2051 831 2091 et

159 2106 251 2153 nuntios
262 2105 352 2152 domurn
364 2107 431 2160 misit,
443 2113 470 2153 ut
479 2107 508 2153 sd
522 2121 575 2152 suos
588 2107 682 2168 quisque
691 2107 832 2168 recipiendos

159 2170 253 2215 veniret.
289 2170 314 2216 si
329 2186 422 2230 quarum
438 2171 497 2218 forte
513 2171 635 2218 eivitatium
649 2172 718 2233 legati
728 2172 829 2227 aderant,

160 2233 192 2278 eia
202 2233 347 2294 praesentibus
364 2249 417 2280 suos
431 2236 540 2282 restituit:
559 2243 692 2282 caeterorum
703 2251 780 2282 curem
789 2239 831 2284 bo-

160 2296 229 2358 nigne
236 2293 369 2342 tuendorum
381 2296 409 2344 C.
421 2299 532 2347 Flaminio
540 2301 645 2362 quaestori
653 2301 760 2346 attribuit
788 2300 830 2347 In-

161 2366 195 2406 ter
206 2361 255 2406 haec
265 2375 279 2406 e
289 2361 361 2406 medii
376 2361 440 2408 turbd
455 2364 556 2410 obsidum
572 2365 652 2410 mulier
665 2379 751 2426 magno
764 2373 831 2419 natm·

160 2419 279 2469 Mandonii
291 2437 354 2476 uxor,
366 2425 404 2484 qui
416 2425 485 2474 frater
497 2427 597 2475 Indibilis
613 2427 737 2490 Ilergetum
755 2431 831 2492 reguli

159 2491 214 2538 erat,
224 2485 280 2532 flens
289 2487 317 2532 ad
323 2487 390 2546 pedes
397 2489 536 2552 imperatoris
543 2493 670 2554 procubuit,v
679 2494 833 2554 obtestarique

159 2669 161 2673 .
422 2646 429 2663 ·
555 2668 558 2673 ⁴
575 2635 619 2684 P¹⁰s
725 2633 767 2684 171⁰
