1850 2917
157 164 206 207 222
259 160 289 209 Τ.
302 160 391 209 LIVII
403 160 461 211 Lm.
474 157 586 210 xxvn.
605 158 664 209 Cir.
674 162 715 207 33.

157 302 244 352 rosque
259 290 357 354 (fuerant
367 275 441 338 autem
453 298 549 351 quatuor
563 290 632 337 millia
646 290 770 343 homimum,
785 306 829 351 pe
918 306 919 341 t

158 356 217 401 coris
227 359 300 403 omnis
310 358 399 419 generis
409 357 437 402 ad
447 356 516 402 millia
525 352 616 417 viginti)
630 355 722 401 nuntius
730 368 762 400 ex
772 354 828 403 Ma·

159 419 252 467 cedonii
271 423 341 475 venit,
366 420 468 481 Eropum
489 420 615 480 quemdam,
640 426 747 481 corrupto
767 420 829 467 arcis

159 486 298 546 praesidiique
310 485 423 547 praefecto,
439 484 582 545 Lychnidum
596 484 694 545 cepisse;
711 491 791 531 tenere
799 491 828 531 et

159 550 341 598 Dassaretiorum
358 550 471 611 quosdam
487 550 556 601 vicos,
579 556 602 593 et
620 547 741 595 Dardanos
759 550 826 595 etism

160 617 256 662 concire.
289 616 381 663 Omisso
391 615 460 675 igitur
470 613 571 659 Acheloo
581 612 645 665 bello,
658 613 740 661 relictis
750 620 827 659 tamen
918 638 919 647 κ

161 680 246 726 duobus
259 681 355 726 millibus
369 686 392 725 et
405 678 532 739 quingentis
547 677 619 723 omnis
629 677 719 738 generis
730 684 830 726 armato-
918 688 919 709 ³

160 760 211 790 rum
226 760 277 792 cum
292 745 402 806 Menippo
415 750 439 789 et
453 740 595 803 Polyphanta
609 740 700 788 ducibus
710 742 739 787 ad
749 742 829 802 praesi·

160 810 221 859 dium
241 811 358 862 sociorum,
377 807 489 868 profectus
505 807 533 853 ab
548 805 639 866 Dymis,
659 820 698 867 per
714 806 829 855 Achaiam
918 842 919 849 ,

160 874 346 933 Boeotiamqueet
352 873 470 925 Ruinam,
478 870 569 917 decimis
575 870 651 917 castris
658 868 829 919 Demetriadem
918 922 919 929 ἵ

159 939 184 983 in
194 938 332 984 Thessaliam
341 936 450 999 pervenit

194 1000 319 1060 XXXlIL
342 1000 377 1048 Ibi
388 1002 431 1053 alii,
449 1002 556 1062 majorem
570 998 686 1045 afferentes
696 1000 829 1055 tumultum,

161 1067 233 1113 nuntii
244 1074 376 1112 occurrunt:
395 1065 523 1118 Dardanos,
534 1066 558 1109 in
569 1063 828 1119 Macedoniam'effirsos,

162 1131 288 1177 Orestidem
294 1132 342 1193 jam
353 1139 436 1183 tenere,
451 1146 478 1175 ac
493 1129 630 1176 descendisse
643 1130 667 1175 in
682 1130 829 1190 Argestaeum

162 1210 282 1256 campum3
304 1194 430 1255 famamque
448 1196 507 1239 inter
523 1194 626 1240 barbaros
643 1194 752 1239 celebrem
768 1210 828 1249 esse,

163 1260 290 1321 Philippum
301 1262 406 1307 occisum·
435 1259 586 1319 Expeditione
595 1256 628 1310 ed,
640 1256 746 1318 quicum
755 1274 830 1319 popu·

162 1325 268 1371 latoribus
278 1326 327 1386 agri
337 1324 365 1371 sd
376 1324 496 1383 Sicyonem
505 1322 620 1385 pugnavit,
635 1322 658 1367 in
668 1323 768 1369 arborem
779 1324 830 1369 illa-
918 1312 919 1335 ³

80 1398 83 1405 '
162 1396 200 1434 tus
210 1390 294 1450 impetu
305 1390 363 1449 equi,
375 1390 403 1435 ad
414 1388 548 1434 eminentem
559 1402 644 1433 ramum
655 1402 724 1433 cornu
734 1388 831 1433 alterum

95 1506 98 1512 Δ
163 1452 234 1515 galeae
244 1453 369 1515 praefregit:
384 1454 408 1500 id
417 1454 533 1499 inventum
542 1453 569 1499 ab
577 1450 765 1512 AEtoloquodam,
777 1468 832 1513 per..

162 1518 277 1579 latumque
293 1520 318 1565 in
337 1519 445 1565 AEtoliam
464 1518 492 1563 ad
512 1516 675 1569 Scerdilaedum,
696 1516 732 1561 cui
749 1524 830 1563 notmn
918 1556 919 1561 ,

164 1591 212 1629 erat
227 1583 315 1645 insigne
330 1585 408 1646 gsleae,
425 1582 507 1629 fsmsm
521 1580 630 1627 interfecti
645 1580 703 1641 regis
717 1580 827 1641 vulgarit.

63 1679 66 1685 ‹
165 1646 223 1693 Post
232 1648 391 1707 profectionem
402 1662 432 1693 ex
444 1644 531 1694 Achaiai
544 1647 610 1707 regis,
628 1645 744 1705 Sulpicius,
760 1645 831 1707 AEgi.
918 1670 919 1673 =

165 1726 217 1757 nam
238 1711 309 1759 classe
328 1713 447 1774 proiectus,
471 1726 521 1757 cum
541 1710 619 1755 Attalo
638 1724 686 1755 sese
703 1710 829 1772 conjunxit.

165 1776 245 1821 Achaei
263 1791 315 1822 cum
334 1777 418 1823 AEtolis
434 1776 542 1835 Eleisque
556 1774 615 1821 haud
630 1774 707 1835 procul
722 1773 832 1821 Messene

164 1855 292 1901 prosperam
302 1857 400 1904 pugnarn
410 1841 518 1887 fecerunt„
554 1840 644 1885 Attalus
655 1853 694 1884 rex
704 1846 727 1884 et
739 1838 766 1884 Ρ.
779 1840 832 1886 Sul·

165 1904 236 1967 picius
255 1904 348 1969 AEginae
365 1903 516 1953 lnlremirunt.
553 1903 629 1963 Exitu(
642 1904 708 1964 hujus
726 1904 778 1949 anni
798 1902 829 1951 T.

166 1968 273 2023 Quintius
282 1970 399 2033 Crispinus
405 1969 490 2022 consul,
503 1968 609 2015 dictstore
619 1968 758 2013 comitiorum
766 1968 833 2014 ludo-

165 2049 259 2094 rumque
267 2035 418 2083 laciendorum
428 2032 495 2080 causi
505 2034 564 2079 dicto
572 2030 601 2079 T.
611 2032 699 2079 Manlio
706 2031 831 2093 Torquato,
918 2054 919 2057 ¹

166 2112 197 2145 ex
211 2100 304 2147 vulnere
318 2102 425 2146 moritur:
446 2098 483 2144 alii
498 2097 598 2150 Tarenti,
615 2096 651 2143 alii
667 2097 691 2141 iu
708 2095 833 2157 campana

165 2170 280 2208 mortuum
290 2165 386 2211 tradunt.
414 2162 442 2209 Id
452 2163 512 2222 quod
522 2163 583 2208 nullo
591 2168 642 2208 ante
648 2161 706 2207 bello
714 2160 832 2216 acciderat,
918 2184 919 2213 c

166 2226 211 2271 duo
222 2229 331 2280 consules,
344 2229 391 2274 sine
400 2227 544 2274 memorando
554 2227 633 2287 proelio
640 2226 757 2279 interlecti,
769 2228 834 2273 velut

166 2289 241 2335 orbam
259 2293 416 2353 rempublicam
435 2292 573 2352 reliquerant.
608 2290 713 2338 Dictator
730 2290 833 2338 Manlius

165 2354 298 2413 magistrum
308 2355 407 2415 equitum
419 2354 448 2403 C.
459 2357 577 2403 Servilium
593 2356 652 2417 (tum
666 2355 736 2401 aedilis
749 2356 834 2403 curulis

163 2417 223 2474 eret)
243 2418 305 2465 dixit
341 2420 443 2472 Senatus,
463 2436 508 2480 quo
524 2421 560 2467 die
575 2420 669 2481 primum
685 2427 720 2465 est
735 2410 832 2473 habilus,
918 2428 919 2431 ’

164 2480 229 2525 ludos
237 2496 332 2543 magnos
339 2482 412 2534 facere
419 2484 549 2531 dictatorern
555 2485 629 2547 jussit,
642 2500 697 2543 quos
709 2483 745 2530 M.
755 2482 833 2531 AEmi-

163 2542 207 2587 lius
223 2555 306 2603 praetor
321 2548 387 2601 urbis,
406 2547 434 2597 C.
446 2547 564 2601 Flaminio,
580 2547 626 2596 Cn.
638 2548 732 2597 Servilio
749 2564 833 2595 consu-
918 2554 919 2571 ³

163 2604 227 2657 libus,
246 2609 337 2663 fecerat,
355 2619 379 2659 et
397 2613 421 2661 in
439 2614 615 2673 quinquennium
632 2619 731 2659 voverat.
769 2612 833 2665 Tum
904 2610 907 2615 ’

162 2670 258 2742 dictator
267 2676 362 2724 stludos
370 2676 432 2731 iecit,
447 2678 505 2727 etin
515 2679 634 2740 insequens
643 2676 746 2747 lustrum,
757 2678 830 2727 vovit
