1850 2917
152 192 184 237 ss
258 186 288 235 r.
299 186 388 235 L1v11
405 184 457 235 um
472 175 570 235 xx1v.
589 182 649 237 cn.
663 189 703 233 m.

154 318 234 370 bertas,
252 316 376 378 opperiens.
410 313 456 361 Per
471 314 562 361 eosdem
577 314 624 361 dies
639 328 690 361 cum
708 312 736 361 ad
754 312 827 362 Mar·
917 324 921 330 ’

155 382 243 436 cdlum,
267 380 395 427 venientem
420 380 443 425 in
467 379 572 431 Siciliam,
597 378 665 439 legati
686 378 825 439 Syracusani

155 446 223 495 misni·
236 447 263 493 ab
282 444 357 507 Appio
375 451 456 497 essent,
474 443 555 490 auditis
572 443 734 489 conditionibus
751 444 824 504 pacis,

156 510 286 564 Marcellus,
297 524 364 572 posse
374 524 421 555 rem
431 507 551 555 convenire
561 514 629 560 ratris,
644 515 668 553 et
677 508 725 568 ipse
733 508 833 568 legatos·

156 574 285 637 Syracusas,
303 574 340 635 qui
357 589 432 621 coram
443 588 495 619 cum
505 572 637 634 praetoribus
651 573 825 619 demorando

155 639 240 687 foedere
248 646 347 701 agerent,
359 638 426 685 misit
460 637 494 683 Et
501 638 549 699 jam
559 637 589 683 uhi
599 634 736 697 nequiquam
744 636 825 690 eadem

156 704 220 767 quies
235 710 257 751 et
271 704 416 763 tranquillitas
431 709 491 749 erat:
576 716 627 749 uam
641 700 750 748 Punicam
765 700 827 748 clas·

157 784 205 815 sein
221 768 339 815 accessisse
354 766 486 828 Pachynum
517 766 524 791 ¹
549 781 587 811 um
598 773 639 818 est,
656 766 732 812 (lenito
741 766 828 813 timore

157 832 308 896 Hippocrates
319 840 342 879 et
352 830 472 894 Epicydes,
484 846 544 877 nunc
553 831 612 893 apud
622 830 769 877 mercenarios
779 830 830 877 mi-

156 898 215 951 lites,
227 912 286 943 nunc
295 896 353 959 apud
360 896 495 956 transfugas,
506 896 568 957 prodi
579 895 684 941 Romano
693 894 826 954 Syracusas,

157 962 335 1009 criminabantur.
377 960 411 1007 Ut
430 976 484 1007 vero
502 960 589 1021 Appius
608 974 677 1005 naves
694 959 723 1005 aul
740 959 826 1006 ostium

157 1026 243 1089 portus,
260 1040 304 1085 quo
319 1025 368 1072 aliae
382 1024 450 1087 pertis
465 1024 589 1070 homiuibus
604 1024 690 1071 suimus
700 1023 824 1077 accederet,
918 1044 922 1051 ·

159 1090 182 1137 in
193 1090 289 1137 statione
296 1091 376 1136 habere
386 1090 460 1151 coepit,
472 1090 553 1150 ingens
559 1089 584 1133 in
592 1088 687 1149 speciem
695 1088 826 1134 criminibus

157 1154 222 1203 vanis
237 1160 360 1201 accesserat
375 1153 443 1200 fides:
470 1168 496 1199 ac
517 1154 590 1215 primo
605 1153 671 1199 etiam
687 1152 827 1199 tumultuose

158 1220 284 1267 decurrerat
302 1218 420 1266 multitudo
439 1218 467 1264 ad
485 1218 638 1280 prohrhenrlos,
663 1217 681 1267 si
700 1218 825 1264 interram
918 1260 921 1265 ,

192 1291 324 1395 Xleirlellltllr
336 1342 364 1394 In
379 1350 420 1393 hac
434 1347 560 1394 turbatione
569 1362 643 1393 rerum
655 1346 678 1391 iu
693 1317 824 1392 concionem

159 1414 234 1461 vocari
244 1412 339 1475 placuit:
354 1414 390 1459 ubi
401 1426 452 1459 cum
462 1412 499 1459 alii
509 1412 553 1458 alio
562 1412 685 1463 tenderent,
694 1426 736 1457 uec
746 1411 826 1472 procul
918 1443 921 1460 2

159 1478 267 1525 seditione
275 1493 310 1524 res
321 1485 387 1531 esset,
399 1476 552 1539 Apollonides,
563 1476 687 1538 principum
697 1490 762 1529 unus,
774 1490 827 1521 ora·
917 1515 921 1523 .

159 1543 243 1591 tionem
259 1543 384 1595 salutarem,
400 1541 463 1588 utin
477 1542 516 1588 tali
526 1548 633 1603 tempore,
651 1539 738 1586 habult:
758 1547 774 1569 “
783 1554 826 1587 nec

160 1622 222 1669 spem
237 1607 321 1660 salutis,
335 1620 376 1653 uec
389 1606 509 1667 perniciem
522 1606 646 1668 propiorem
658 1619 754 1665 unquam
770 1604 826 1651 eivi-

159 1672 200 1717 tati
217 1671 256 1717 ulli
272 1670 348 1717 luisse.
384 1672 408 1718 si
423 1671 483 1717 euim
498 1685 544 1717 uno
557 1670 632 1715 animo
649 1683 727 1715 omnes
744 1670 781 1715 vel
797 1670 827 1716 ad
917 1711 920 1716 .

159 1734 277 1783 Romanos
292 1737 328 1783 vel
347 1736 375 1782 ad
394 1733 590 1797 Carthaginienses
609 1735 722 1786 inclinent,
743 1734 826 1781 nuum

160 1799 255 1846 civitatis
272 1808 354 1847 statum
370 1800 540 1847 fortunatiorem
557 1800 707 1846 beatioremve
721 1798 783 1845 sore:
806 1798 827 1845 si
890 1852 893 1859 Ι
917 1833 921 1842 .

159 1863 195 1911 ulii
212 1864 256 1911 alio
270 1866 358 1911 trahant
372 1880 414 1917 res,
433 1878 480 1911 non
492 1865 551 1911 inter
566 1862 651 1911 Poenos
666 1863 829 1924 Romanosque

159 1928 242 1977 bellum
256 1931 352 1977 atrocius
365 1928 420 1982 iore,
437 1944 503 1990 quam
516 1929 575 1975 iuter
584 1929 645 1990 ipsos
655 1929 827 1989 Syracusanosg

160 2008 212 2041 cum
223 1995 282 2041 intra
291 1996 380 2041 eosdem
391 2008 468 2039 muros
477 2009 528 2055 pars
538 2001 631 2054 utraque
641 2008 694 2040 suos
707 1993 833 2047 exercitua.

160 2072 201 2105 sua
211 2072 278 2111 arma
292 2072 344 2106 suos
356 2059 456 2105 habitura
467 2059 496 2105 sit
506 2058 580 2104 duces.
615 2055 699 2118 Itaque,
712 2064 738 2103 ut
748 2072 829 2105 omues

159 2121 219 2168 idem
230 2122 333 2175 semlant,
346 2120 433 2169 summi
442 2123 466 2168 vi
476 2122 587 2183 agendum
597 2138 658 2169 esse:
673 2129 723 2167 utra
733 2122 830 2169 societas

160 2186 190 2233 sit
205 2186 285 2240 utilior,
301 2202 350 2233 enm
364 2187 433 2249 longe
447 2188 557 2233 minorem
571 2202 598 2233 ac
613 2186 702 2233 levioris
718 2187 829 2233 momenti

161 2251 344 2297 consultationem
354 2266 416 2298 esse:
427 2251 467 2298 sed
474 2259 548 2298 tamen
555 2251 663 2298 Hieronis
670 2251 830 2312 potiusquam

162 2312 306 2375 Hieronymi,
322 2316 476 2363 auctoritatem
491 2316 624 2375 sequendam
634 2316 659 2361 in
670 2314 736 2361 sociis
749 2315 830 2377 legen·
918 2341 921 2347 ·

163 2378 204 2431 dis,
220 2378 255 2425 vel
271 2380 430 2441 quinquaginta
442 2380 507 2425 sunia
519 2380 612 2427 feliciter
626 2386 739 2441 expertam
750 2380 829 2426 amici-

162 2443 216 2488 tiam
224 2456 284 2488 nunc
294 2444 421 2505 incognitae,
434 2445 546 2504 quondam
556 2444 644 2497 infideli,
656 2443 825 2505 preferendam·

162 2505 222 2553 Esse
232 2507 298 2554 etiarn
310 2509 417 2554 momenti
428 2508 509 2568 aliquid
522 2509 551 2555 ad
564 2508 687 2561 consilium,
699 2508 759 2568 quod
769 2506 829 2556 Car·

160 2570 335 2631 thuginiensibus
345 2572 376 2619 ita
385 2587 430 2634 pax
440 2573 517 2634 negari
527 2572 604 2635 possit,
620 2579 646 2619 ut
660 2587 706 2618 nou
716 2573 793 2632 utique
803 2573 829 2618 in

161 2636 279 2695 precetur
289 2637 371 2683 bellum
382 2652 433 2683 cum
444 2637 477 2683 eis
486 2645 590 2700 geratur:
604 2651 655 2684 cum
666 2635 776 2684 Romanis
786 2650 830 2683 ex-
920 2670 924 2690 ,

161 2700 244 2760 templo
254 2701 514 2765 autpacemauthellum
522 2701 673 2751 habendcm.”
691 2700 833 2757 Qirominus
