1850 2917
222 143 352 196 T.n1v11
368 143 421 193 Las.
434 143 534 193 XXIX.
553 143 613 194 Cir.
627 149 650 192 8.
715 148 769 199 sil,

97 273 158 322 orbus
169 282 317 330 consererent,
335 275 388 324 dum
398 277 453 337 ipse,
471 275 555 323 aversis
566 274 699 322 ommbusin
710 287 763 322 eum

96 339 226 393 tumultum,
244 341 271 385 ab
287 347 351 402 tergo
368 342 444 387 urbem
460 341 572 387 incautam
589 339 763 401 aggredenetur;

96 403 133 448 ubi
147 403 199 450 luce
210 411 306 465 coeptam
316 405 401 452 invenit
411 420 516 466 pugnam,
533 404 581 466 ipse
595 403 674 450 necin
688 419 762 450 arcem

95 481 121 512 se
131 466 252 521 includere,
265 467 328 514 turbis
336 469 412 516 locum
422 477 508 516 arctum
515 467 667 530 impediturus,
677 468 764 525 voluit3

95 544 170 590 neque
181 532 257 584 scalas,
266 534 345 592 quibus
355 534 471 580 scanderet
477 549 561 586 muros,
573 533 683 595 attulerat
711 532 764 578 Sar-

96 595 153 643 cinis
163 596 187 640 in
198 611 302 642 acervum
314 598 426 658 conjectis,
438 611 489 643 cum
500 598 559 644 baud
569 597 647 658 procul
656 597 727 647 muris
736 596 765 642 ad

96 666 205 705 terrorem
225 660 321 706 hostiurn
338 661 407 706 aciem
427 662 566 714 ostendisset,
584 677 636 708 cum
654 660 764 720 equitibus

97 721 204 769 Numidis
215 724 409 784 circumequitabat
418 727 502 779 urbem,
520 726 572 770 dum
584 725 656 778 scalae,
669 739 764 785 quaeque

45 805 47 810 ·
96 780 139 840 alia
156 789 185 834 ad
202 785 374 850 oppugnandum
392 803 447 850 opus
463 797 533 841 eraut,
557 797 667 850 parantur,
688 789 716 835 ad
730 790 765 835 vi-

96 852 191 906 sendum
202 851 245 912 qui
256 852 351 898 maxime
361 860 423 914 parte
434 853 599 914 aggrederetur.
624 851 764 913 Progressus

97 915 126 972 ad
143 930 240 970 murum,
258 916 374 978 scorpione
389 917 442 970 icto,
459 917 497 976 qui
512 917 626 976 proximus
640 931 691 962 eum
705 916 765 963 forte

98 987 198 1034 steterat,
216 981 305 1027 territus
320 981 371 1028 inde
388 987 433 1027 tam
450 980 648 1041 periculosocasu,
666 981 764 1042 receptui

98 1059 179 1091 canere
193 1060 243 1090 cum
250 1046 362 1106 jussisset,
380 1052 451 1096 castra
461 1045 539 1106 procul
549 1046 576 1090 ab
588 1045 633 1090 ictu
648 1045 686 1090 teli
701 1061 763 1092 com-

98 1110 186 1156 muniit
223 1107 307 1156 Classis
318 1109 422 1155 Romana
432 1125 445 1154 a
456 1107 564 1154 Messania
574 1107 668 1162 Locros,
680 1110 764 1169 aliquot

96 1173 160 1220 horis
175 1173 209 1219 die
224 1180 347 1234 superante,
365 1174 470 1220 accessit:
489 1173 583 1234 expositi
598 1188 676 1218 omnes
692 1189 705 1218 e
723 1188 764 1220 na·

96 1239 170 1290 vibus,
188 1245 210 1284 et
228 1240 280 1284 ante
299 1252 401 1284 occasum
423 1238 475 1283 solis
494 1239 569 1284 urbem
585 1237 682 1298 ingressi
700 1245 760 1286 sunt·

32 1307 35 1312 '
97 1301 194 1349 Postero
205 1303 240 1348 die
254 1309 328 1363 coepta
341 1317 370 1348 ex
380 1315 430 1348 arce
440 1317 454 1347 a
464 1301 543 1348 Poenis
553 1316 641 1364 pugna:
660 1309 683 1347 et
694 1295 761 1359 Han,

98 1367 164 1420 nibal,
177 1368 225 1428 jam
241 1365 305 1412 scalis
315 1367 406 1427 aliisque
416 1367 518 1412 omnibus
532 1366 560 1412 ad
574 1366 762 1428 oppugnationem

97 1431 187 1492 paratis,
206 1431 291 1477 subibat
306 1446 397 1488 muros3
414 1446 465 1476 cum
481 1437 572 1491 repente
589 1431 613 1474 in
631 1444 690 1484 eum,
706 1431 764 1476 nibil

97 1496 174 1540 minus
181 1510 248 1555 quam
258 1495 303 1541 tale
313 1495 430 1556 quidquam
441 1495 564 1547 timentem,
581 1491 690 1554 patefacti
699 1492 765 1554 pont

97 1566 218 1621 erumpunt
237 1560 342 1606 Romani.
377 1558 416 1606 Ad
433 1559 541 1606 ducentos
559 1557 695 1619 improvidos
710 1571 762 1603 cum

96 1625 239 1677 invasissent,
264 1624 380 1670 occidunt:
405 1631 499 1671 caeteros
519 1621 639 1675 Hannibal,
663 1628 688 1667 ut
709 1636 764 1667 con-

97 1689 170 1734 sulem
189 1689 266 1736 adesse
285 1689 360 1744 sendt,
385 1689 409 1733 in
428 1695 503 1736 castra
523 1687 615 1748 recipit;
635 1687 764 1746 nuntioque

98 1753 168 1798 misso
184 1752 211 1799 ad
226 1769 265 1800 eos
281 1753 356 1813 quiin
375 1767 425 1800 erce
435 1758 505 1804 erant,
522 1758 549 1798 ut
559 1751 646 1800 sibimet
656 1751 697 1812 ipsi
703 1765 763 1796 con·

96 1817 203 1871 siderent,
221 1823 288 1863 nocte
303 1817 369 1864 motis
386 1818 463 1863 castris
480 1816 554 1873 abiit.¹
573 1814 606 1861 Et
623 1815 698 1874 quiin
713 1831 765 1863 arce

97 1888 168 1934 erant,
180 1881 229 1943 igni
238 1881 319 1942 injecto
330 1882 454 1942 tectisque
465 1881 576 1932 tenebant,
588 1885 614 1935 ut
623 1878 643 1923 is
653 1879 762 1924 tumultus

88 1946 184 1992 ¹bostem
200 1951 329 1999 moraretur,
346 1960 428 2006 agmen
443 1959 534 1990 suorum
547 1941 609 2004 fugae
620 1941 685 1988 simili
695 1956 762 1988 cursu

97 2016 150 2055 ante
160 2017 250 2056 noctem
260 2010 355 2056 assecuti
366 2016 424 2057 sunt

129 2072 203 2120 vnn
223 2074 303 2135 Scipio,
322 2081 379 2121 utet
390 2088 463 2121 arcem
474 2074 572 2122 relictam
587 2075 614 2120 ab
626 2072 725 2120 hostibus
740 2078 764 2120 et
806 2091 809 2096 ¹

94 2153 165 2185 vacua
178 2138 234 2184 vidit
248 2146 325 2192 castra,
343 2146 434 2185 vocatos
448 2139 477 2184 ad
491 2139 620 2184 concionem
632 2137 759 2184 Locrenses

96 2203 196 2264 graviter
207 2203 234 2248 ob
245 2201 389 2248 defectionem
400 2203 522 2249 incusavit:
536 2203 564 2248 de
574 2203 699 2248 auctoribus
709 2217 763 2262 sup-

96 2267 187 2330 plicium
199 2267 283 2320 sumsit,
295 2268 395 2328 bonaque
406 2281 483 2313 eorum
494 2267 584 2312 alterius
591 2265 693 2312 factionis
700 2265 763 2326 prin-

98 2331 190 2392 cipibus,
209 2333 236 2378 ob
247 2332 360 2392 egregiam
370 2329 436 2376 fidem
449 2331 555 2388 adversm
565 2329 689 2382 Romanos,
707 2343 763 2374 con-

97 2397 172 2444 cessit.
209 2395 324 2441 “Publice
338 2410 378 2441 nec
394 2395 446 2440 dare
459 2408 502 2439 nec
516 2396 599 2454 eripere
610 2410 634 2440 se
644 2392 763 2454 quidquam

97 2458 274 2512 Locrensibus,”
291 2459 358 2504 dixit:
386 2465 401 2487 “
412 2457 510 2521 Romam
529 2459 642 2504 mitterent
660 2457 766 2519 legatosq.

97 2539 164 2584 quam
180 2530 269 2570 senatus
284 2537 372 2582 aequum
387 2521 515 2573 censuisset,
532 2536 581 2566 eam
596 2520 709 2580 fortunam
723 2519 767 2566 ha-

95 2589 189 2638 bituros.
225 2584 284 2633 lllud
301 2587 355 2632 satis
371 2585 434 2638 scire,
451 2584 494 2630 etsi
508 2585 566 2630 male
579 2585 608 2631 de
620 2585 703 2646 populo
713 2582 765 2631 Ie>-

50 2699 53 2706 ,
97 2667 165 2718 mano
180 2651 253 2712 meriti
270 2657 352 2708 essent,
369 2647 392 2698 in
407 2647 499 2696 melion
515 2655 575 2698 statu
589 2649 704 2708 subiratis
714 2647 764 2707 Ito,
