1850 2917
179 148 227 197 aaa
279 150 309 199 a.
323 149 411 199 n1v11
427 150 481 198 ma
495 140 606 198 xxvn.
626 138 740 213 enisa

178 274 291 342 nuque,
306 296 348 343 per
357 280 464 328 manum
476 280 568 333 aarum,
579 280 609 325 rn
624 278 706 325 cusum
717 266 850 323 rubrum
917 254 918 297 l

179 353 246 405 atque
265 346 336 392 aedem
353 346 451 393 Junonis
469 344 567 406 Reginae
582 349 721 405 perrectumt
746 342 777 387 ibi
796 342 848 387 duae

179 410 260 457 bostiae
270 412 298 457 ab
308 411 438 457 decemviris
447 411 575 463 immolatae,
593 416 616 453 et
629 406 746 454 simulacra
756 420 849 467 cupres-

182 490 220 521 sea
230 476 254 519 in
264 476 335 521 aedm
346 475 413 520 illata.

214 538 366 586 XXXVIII.
385 538 438 584 Diis
449 539 491 585 rite
500 539 597 600 placatis,
615 536 726 583 delectum
743 535 850 581 consules

180 604 290 650 habebant
307 605 379 649 acrius
396 604 554 662 intentiusque,
571 616 637 663 quam
655 601 766 663 prioribus
784 600 849 646 arinis
917 630 918 639 ,

179 669 297 728 quicqum
316 667 446 713 meminerat
463 668 575 713 habitum:
594 680 647 712 nam
665 672 689 711 et
705 664 758 711 belli
777 671 851 710 terror
917 666 918 703 ἶ

181 733 304 794 duplicatus
318 733 370 778 novi
384 732 454 777 hostis
469 732 492 775 in
503 730 590 777 Italiam
605 730 717 787 adventu;
734 736 758 775 et
773 728 850 773 miurus

177 797 302 857 juventutis
313 804 367 849 erat,
385 797 443 841 unde
460 796 580 841 scriberent
593 794 682 840 milites.
717 792 799 853 Itaque
809 808 850 838 co-

131 905 140 922 χ
180 860 246 908 Ionos
256 861 322 907 etIam
332 860 462 912 maritimos,
480 860 517 920 qui
535 865 697 905 sacrosanctam
706 858 850 907 vacationem

182 924 309 971 dicebantur
319 926 405 977 habere,
423 925 475 970 dare
489 924 570 969 milites
580 924 703 984 cogebant:
722 922 802 981 quibus
813 936 850 967 re·

182 989 316 1040 cusantibus,
334 986 423 1048 edixere
432 989 456 1033 in
468 988 527 1035 diem
540 994 630 1040 certam,
648 992 682 1039 ut,
698 1001 743 1045 quo
755 986 851 1045 quIsque

177 1053 229 1115 jure
245 1053 382 1098 vacationem
399 1051 496 1106 haberet,
513 1052 542 1098 ad
558 1058 659 1097 senatum
674 1048 775 1095 deferret.
812 1048 851 1095 Et
917 1048 918 1051 ’

180 1116 220 1163 'die
233 1117 256 1161 bi
271 1117 346 1178 populi
365 1118 392 1163 ad
409 1124 509 1163 senatum
527 1122 650 1162 venerunt:
669 1113 787 1167 Ostiensis,
805 1114 851 1159 Al·

182 1181 267 1234 aiensis,
280 1182 367 1233 Antias,
380 1182 493 1233 Anxuras,
506 1180 677 1230 Minturnensis,
691 1178 849 1231 Siuuessauus,
917 1206 918 1209 =

183 1253 206 1291 et
223 1247 250 1291 ab
265 1246 350 1306 Supero
365 1245 425 1291 Mari
441 1246 553 1291 Senensis.
589 1242 649 1292 Cum
659 1242 786 1289 vacationes
798 1256 851 1289 suas
917 1244 918 1253 ¹

105 1346 111 1359 .
182 1310 379 1370 quisque-populus
389 1310 505 1367 recitaret3
522 1309 610 1362 nullius,
623 1322 674 1354 oum
684 1304 786 1353 intulit
796 1308 852 1352 hos-

181 1375 211 1419 tis
221 1380 287 1427 esset,
304 1381 386 1434 praeter
396 1374 511 1420 Antiatem
523 1374 699 1432 Ostiensemque,
711 1372 799 1417 vacatio
810 1372 851 1417 ob-
917 1388 918 1429 ᾗ

101 1468 113 1481 ,
182 1445 271 1485 servata
280 1446 327 1484 est:
341 1444 364 1483 et
372 1453 447 1484 earum
458 1436 851 1499 coloniarumjunioresjurejurando
917 1442 918 1483 ἶ

183 1503 262 1557 adacti,
279 1518 346 1564 supra
358 1503 405 1548 dios
420 1502 512 1563 triginta
527 1516 572 1547 non
586 1507 754 1562 pernoctaturos
764 1514 790 1546 se
800 1515 852 1547 esse

183 1575 247 1614 extra
256 1568 341 1614 moenia
350 1567 444 1613 coloniae
454 1581 509 1620 suae,
527 1566 597 1613 donec
609 1566 679 1611 hostis
694 1565 717 1609 in
733 1561 800 1610 tulit
814 1578 852 1611 es-
917 1586 918 1591 ¹

183 1639 226 1678 set.
261 1630 321 1679 Cum
332 1646 410 1677 omnes
420 1638 542 1683 censerent,
558 1630 632 1693 primo
646 1644 734 1690 quoque
748 1636 852 1689 tempore

183 1696 311 1742 consulibus
326 1695 423 1741 eundum
440 1695 469 1741 ad
484 1696 573 1749 bellum,
592 1696 654 1757 (nam
672 1702 697 1739 et
714 1692 853 1740 Hasdrubali

183 1760 343 1807 occurrendum
358 1775 408 1806 ease
417 1760 558 1806 descendenti
572 1760 600 1806 ab
610 1759 711 1820 Alpibus,
729 1773 761 1805 ne
769 1758 852 1805 Gallos

184 1823 318 1885 OEmlpinos,
335 1840 393 1871 neve
407 1824 528 1877 Etruriam,
546 1830 642 1870 erectam
656 1824 679 1868 in
695 1836 757 1884 spem
774 1837 851 1869 rerum
917 1822 918 1829 ’

183 1904 299 1941 novarum,
312 1889 452 1945 sollicitaret;
465 1896 487 1935 et
498 1888 647 1934 Hannibalem
659 1903 700 1933 suo
710 1887 800 1949 proprio
812 1903 854 1933 oo-

184 1954 309 2015 cupandum
319 1954 384 2007 bello,
402 1967 431 1998 ne
441 1968 555 2015 emergere
569 1968 598 1998 ex
609 1951 711 2004 Bruttiis,
728 1958 796 2011 atque
810 1952 853 1999 ob-
917 1986 918 2003 2

183 2020 244 2065 viam
261 2018 324 2065 fratri
342 2020 381 2071 ire,
393 2014 485 2079 posset)
506 2016 753 2069 Livius-cunctabatur,
770 2030 852 2077 parum

183 2083 256 2129 fidens
270 2097 359 2129 suanum
373 2082 534 2144 provinciarum
549 2081 694 2128 exercitibus:
715 2078 853 2144 “collegam

184 2160 215 2193 ex
225 2146 310 2193 duobus
320 2147 471 2193 consularibus
481 2146 577 2208 egregiis
587 2146 727 2197 exercitibus,
741 2152 764 2190 et
775 2144 851 2199 tertio,

185 2211 224 2256 cui-
240 2210 273 2263 Q.
292 2209 399 2258 OEaudim
417 2210 510 2257 Tarenti
529 2218 640 2271 praeesset,
661 2210 791 2255 electionem
811 2210 853 2255 ha-

183 2273 269 2320 bere:”
285 2275 435 2334 intuleratque
451 2276 587 2322 mentionem
603 2274 631 2320 de
650 2274 766 2319 volonibus
786 2288 854 2319 revo-

175 2338 262 2397 ¹«trudis
275 2339 303 2384 ad
314 2337 385 2399 signa.
419 2340 515 2387 Senstus
526 2341 614 2386 liberam
625 2346 854 2399 potestatemconau-

183 2402 242 2447 libus
250 2401 310 2454 fecit,
328 2410 351 2447 et
366 2404 480 2463 supplendi
495 2405 554 2450 unde
567 2403 656 2455 vellent,
675 2411 698 2449 et
710 2403 809 2465 eligendi
824 2402 855 2449 de

185 2464 287 2509 omnssrus
298 2466 436 2519 exercitibus,
453 2482 509 2527 quos
520 2468 610 2522 vellent,
627 2468 818 2529 permutandique,
830 2474 855 2514 et

184 2528 352 2637 tittitlt
363 2530 596 2642 tltttttlti
605 2540 724 2643 {iiiiii
732 2542 856 2643 ttulit

184 2662 240 2701 acta.
261 2654 377 2705 'volones
391 2657 416 2704 iu
433 2658 620 2712 mancatum
634 2667 659 2709 et
675 2660 806 2712 vioesimem
822 2661 858 2711 les
916 2682 918 2701 t
