1850 2917
13 118 15 147 l

13 152 15 173 ι

190 144 221 194 Τ.
234 142 325 193 Lrvn
340 142 391 193 Lm.
405 144 504 195 xxlv.
522 144 582 196 car.
596 150 636 195 sl.
713 152 746 198 85

75 273 203 329 smniaeis,
222 274 264 322 nisi
274 276 419 337 qnaeprimus
428 276 619 339 tumultusmptaa
633 276 692 325 urbia
707 279 746 327 ab·

76 348 195 394 ειιιιιιεηι,
213 341 391 387 mtimcbantur.
426 340 478 388 Nec
495 349 521 387 ut
537 341 661 389 Leontinos
678 344 745 397 irent,

75 402 176 466 proditos
194 405 321 452 adsedem
337 406 499 453 commilitones
512 413 638 467 querentes,
655 408 746 469 perpelli

75 466 176 530 pomaire,
194 482 238 516 nec
255 476 281 515 ut
295 469 373 515 eodem
389 470 439 516 loco
455 471 571 517 certiorem
586 472 689 517 nuntium
705 486 746 518 ex-

75 541 212 595 spectarent.
248 532 309 581 Cum
323 534 351 579 ad
368 533 513 581 defectionem
528 535 646 581 inclinatos
659 536 746 583 animos

76 606 193 645 cernerent
204 605 321 661 praetores,
340 598 378 643 oed
389 614 439 644 eum
450 606 538 645 motum
547 600 607 645 haud
617 600 747 647 diuturnrnn

76 661 129 715 lore,
147 664 169 709 si
178 662 249 709 duces
259 662 363 708 amentiae
374 664 452 710 sublati
462 671 551 721 essent;
568 665 690 710 nescitum
705 665 747 711 du·

76 734 129 773 arnt
137 726 275 789 Megaram:
289 726 331 787 ipsi
342 742 392 772 cum
402 728 478 789 paucis
489 728 596 788 equitibus
606 727 746 775 Herbessum

75 790 255 853 proficiscuntur,
272 806 318 853 spe,
336 792 418 841 territis
429 792 538 845 omnibus,
549 807 589 853 par
598 793 746 855 proditionem

77 856 134 903 urbis
145 856 272 918 potiundae.
309 854 377 908 Quod
391 856 428 903 ubi
437 856 521 902 frustra
531 856 563 901 eis
571 856 615 902 fuit
624 858 745 919 inceptmn,

77 921 224 983 siagendum
237 920 285 973 rati,
303 927 392 981 postero
403 922 438 967 die
449 920 551 982 Megaris
561 928 632 967 castra
645 928 745 974 movent,

76 993 100 1031 ut
118 984 265 1031 Herbessum
281 985 383 1031 omnibus
401 985 471 1047 copiis
489 993 650 1047 oppugnarent.
685 984 747 1047 Hip-

76 1057 179 1111 pocrates
193 1057 218 1095 et
233 1048 353 1110 Epicydes,
371 1064 416 1095 non
431 1057 477 1095 tam
492 1057 565 1103 tutunn
579 1048 651 1111 primi
665 1051 745 1113 specie,

76 1129 140 1174 quam
160 1128 234 1160 unum
254 1114 305 1174 (spe
324 1114 420 1175 undique
439 1111 535 1174 absc-isi)
557 1115 673 1161 consilium
696 1128 747 1162 essa

77 1179 124 1231 rati,
142 1185 170 1225 ut
185 1194 211 1224 se
226 1176 331 1224 militibus
344 1179 504 1239 permitterent,
522 1186 545 1224 et
558 1180 652 1226 assuetis
665 1176 748 1241 magni

77 1257 104 1289 ex
118 1250 184 1304 parte
199 1242 248 1295 sibi,
265 1249 288 1287 et
302 1250 350 1288 tum
364 1242 424 1289 fami
438 1244 506 1289 caedis
519 1244 696 1289 commilitonum
710 1257 748 1290 ao·

77 1308 155 1360 oensis,
169 1307 259 1353 obviam
271 1308 354 1368 agmini
365 1307 495 1368 procedunt.
529 1306 606 1355 Prima
614 1307 673 1354 forte
684 1308 749 1370 signa

79 1379 238 1418 sexcentorum
255 1369 397 1419 Cretensium
414 1379 484 1424 erant,
503 1373 541 1433 qui
557 1372 615 1433 apud
631 1372 748 1433 Hierony-

78 1450 139 1482 mum
158 1442 289 1482 meruerant
309 1436 349 1482 sub
368 1436 406 1490 cis,
424 1444 447 1483 et
466 1435 600 1483 Hannsssalis
616 1436 747 1483 beneficium

79 1500 194 1553 babbant,
215 1501 275 1561 capti
296 1500 324 1546 ad
342 1499 499 1548 Trasimenum
516 1502 575 1547 inter
593 1501 748 1547 Romanorum

79 1564 166 1618 surrilis,
184 1564 326 1625 dimissique:
346 1580 402 1625 quos
417 1566 453 1611 ubi
468 1578 497 1612 ex
511 1565 582 1627 signis
591 1579 749 1626 annonamque

79 1630 154 1675 balim
164 1626 296 1691 cognovere
307 1628 456 1690 Hippocrates
466 1637 533 1691 atque
543 1629 662 1691 Epicydes,
675 1644 749 1677 ramos

79 1694 134 1741 oleoe
148 1709 175 1741 ac
188 1694 316 1741 velamenta
329 1694 371 1741 alia
386 1694 509 1757 supplicum
519 1695 665 1756 porrigentes,
677 1703 748 1749 omre,

80 1766 105 1804 ut
119 1758 245 1820 reciperent
259 1773 315 1811 sese,
334 1766 477 1820 receptosque
491 1766 622 1812 tutarentur,
639 1774 684 1816 neu
695 1775 749 1821 pro-

80 1822 156 1870 derent
168 1823 323 1883 Syracusanis,
341 1838 354 1869 a
369 1825 447 1883 quibus
458 1838 513 1871 mox
522 1825 564 1886 ipsi
574 1823 697 1870 trucidandi
706 1839 749 1885 po-

81 1888 132 1949 pulo
150 1888 259 1934 Romano
278 1886 415 1933 dederentur.
451 1888 582 1940 Enimvero,
600 1888 747 1942 conclamant,

81 1950 161 1999 bonum
173 1960 199 1998 ut
210 1953 310 1999 animum
321 1952 438 1999 baberent:
457 1968 547 2001 omnem
556 1968 581 1999 se
588 1966 639 1998 cum
649 1952 693 1999 illis
701 1952 749 1998 for-

81 2021 156 2063 tunam
168 2016 288 2062 subituros.

112 2078 213 2129 XXXI.
233 2078 297 2127 Inter
310 2082 353 2127 hoc
368 2082 501 2143 colloquium
517 2082 582 2145 signa
596 2081 747 2136 constiterant,

82 2146 242 2206 tenebaturque
252 2158 348 2207 agmeu3
360 2147 460 2199 necdum,
473 2162 523 2207 qnae
530 2162 601 2192 morae
609 2160 675 2193 causa
682 2146 748 2201 foret,

83 2216 213 2269 pervenerat
229 2210 258 2255 ad
268 2210 342 2256 duces.
377 2209 500 2271 Postquam
514 2210 669 2273 Hippocraten
683 2218 751 2272 atque

85 2272 200 2335 Epicyden
211 2274 288 2320 adesse
295 2274 391 2335 pervasit
400 2290 483 2328 rumor,
494 2274 640 2335 fremitusque
650 2283 698 2321 toto
709 2290 750 2336 ag-

84 2338 141 2384 mine
151 2345 200 2385 erat
210 2338 269 2384 baud
280 2338 344 2385 dubie
354 2340 521 2399 approbantium
529 2339 648 2385 adventum
656 2352 751 2395 eorum;

84 2404 195 2467 extemplo
208 2410 317 2465 praetores
331 2403 403 2449 citatis
418 2404 482 2463 equis
496 2403 524 2449 ad
537 2404 609 2463 prima
623 2402 688 2463 signa
699 2416 751 2463 per·

84 2475 195 2523 rexerunt,
213 2466 290 2522 “Qui
308 2482 358 2513 mos
374 2468 418 2520 ille,
436 2481 487 2527 quse
502 2466 592 2512 licentia
608 2463 751 2512 Cretensium

85 2531 165 2586 essess’
188 2532 320 2594 rogitantes,
345 2531 487 2605 “colloquia
503 2529 590 2576 sermdi
608 2541 660 2602 cnm
679 2528 751 2619 hostpt
