1850 2917
220 154 379 207 EPITOME
395 156 493 207 LIBRI
510 158 609 209 XXIX.
701 170 747 213 311

74 289 255 355 ipsejunxerat,
272 290 414 339 renuntiavit.
449 290 579 345 Masinissa,
600 306 640 339 rex
656 291 749 356 Massy-

73 359 167 410 liorum,
180 356 235 401 dum
246 371 286 416 pro
298 354 519 417 Carthaginiensibus
533 357 557 401 in
577 355 688 419 Hispanii
706 362 750 406 mi-

72 423 133 476 litat,
144 422 228 467 amisso
236 428 299 481 petre
310 418 375 473 Gali,
388 420 416 466 de
427 436 498 482 regno
509 420 635 467 exciderat:
654 438 699 483 quo
709 440 749 485 per

71 487 160 533 beilum
173 500 234 547 saepe
245 485 344 545 repetito,
361 485 444 545 aliquot
454 486 563 546 proeliisa
577 486 679 547 Syphace
695 503 750 549 rege

70 551 230 598 Numidarum
245 548 324 602 victus,
344 549 368 593 in
385 557 459 595 totum
478 550 578 610 privatus
591 558 639 597 est:
659 558 747 598 etcum

71 616 180 663 ducentis
195 614 304 674 equitibus
315 613 380 659 excid
397 614 495 675 Scipioni
513 630 537 660 se
549 616 641 676 Junxit3
658 622 748 664 etcum

70 698 102 729 eo
118 681 196 743 primo
213 679 287 725 statim
296 678 359 725 'bello
374 676 512 725 Hannonem
527 678 663 727 Hamilcaris
677 680 747 727 filium

69 762 126 794 cum
145 740 220 805 ampid
235 758 303 790 manu
318 743 437 790 interemit.
474 744 556 805 Scipio,
575 744 671 791 adventu
683 744 748 792 Has·

68 811 174 858 drubolis
185 816 209 855 et
220 808 334 869 Syphacis,
347 809 384 869 qui
395 824 464 870 prope
477 823 527 855 cum
541 816 632 855 centum
650 810 746 857 millibus

68 883 214 926 amatorum
230 881 344 927 venerant,
363 875 390 920 ab
407 874 521 920 obsidione
536 872 612 921 Uticae
632 874 744 937 depulsus,

68 943 168 988 hrberm
187 939 339 985 communivit.
382 938 526 1000 Sempronius
545 938 623 985 consul
644 939 668 985 in
689 954 746 1003 agro

69 1004 222 1055 Crotoniensi
232 1019 338 1065 prospere
347 1003 453 1050 adversus
465 1002 615 1051 Hannonem
626 1006 744 1067 pugnavit.

68 1070 188 1118 Lustrum
209 1084 223 1116 a
241 1069 368 1115 censoribus
387 1068 501 1115 conditum
523 1075 572 1115 est:
600 1084 667 1116 censa
692 1077 746 1116 sunt

66 1136 157 1183 civium
178 1134 250 1195 capite
270 1134 367 1180 ducenta
384 1134 550 1194 quatuordecim
568 1134 645 1181 miliia.
680 1131 746 1181 Inter

67 1215 188 1251 censores,
207 1198 242 1244 Μ.
257 1196 348 1245 livium
363 1205 386 1244 et
401 1196 520 1246 Claudium
537 1197 661 1253 Neronem,
679 1205 745 1245 nota-

66 1266 120 1313 bilis
140 1264 251 1310 discordia
264 1262 321 1309 fuit:
341 1278 393 1309 nam
407 1270 430 1309 et
446 1262 553 1311 Claudius
568 1262 635 1310 Livio
649 1264 746 1326 collegae

66 1344 157 1392 equum
168 1328 258 1381 adunit,
270 1328 353 1388 quode
363 1328 445 1389 populo
460 1328 578 1375 damnatus
595 1334 703 1389 actusque
719 1329 744 1375 in

65 1395 177 1443 exsilium
188 1392 275 1449 fuerat3
292 1401 316 1439 et
326 1392 406 1439 Lirim
422 1390 525 1447 Claudio,
546 1393 701 1452 quodfalsum
718 1394 743 1439 in

66 1477 93 1508 se
103 1458 262 1507 testimoniium
274 1458 371 1511 dixisset,
384 1465 407 1504 et
417 1457 478 1518 quod
486 1471 532 1503 non
541 1454 601 1505 boni
610 1457 654 1505 nde
666 1472 742 1505 seeum

63 1522 310 1588 ingratiamredisset
340 1521 741 1575 Idemomnestnbuaextraunam

65 1590 162 1638 martae
170 1588 267 1649 rdiquit,
278 1588 339 1648 quod
346 1595 370 1634 et
376 1588 518 1635 imrooentem
528 1602 552 1633 se
560 1585 708 1643 tenuissent,
718 1592 743 1633 et

65 1653 274 1719 postesconsuiem
285 1666 446 1715 censerenque
454 1652 567 1703 iecissent.
