1850 2917
164 140 222 186 sss
291 136 320 185 r.
335 135 424 186 n1v11
440 135 494 184 nn
508 134 595 187 xxx,
612 107 727 189 cmss'.

172 267 266 322 sinissae,
283 283 336 315 cnm
353 266 573 330 CerthngIniensium
593 268 681 330 Iegstos
699 266 728 314 (ie
741 281 804 330 ponc
820 269 850 318 ssi

171 340 274 380 senatum
290 333 405 380 venientes
422 331 524 380 Puteolis
540 334 607 386 visos,
624 333 677 379 inde
688 331 748 379 terri
759 341 849 381 venun

172 413 216 451 ros,
235 397 326 444 siletum
345 405 417 444 essetz
437 399 537 445 revocari
554 396 690 446 C-Laelium
708 397 801 458 platoit,
822 406 850 445 ut

171 477 246 508 coram
257 477 285 508 eo
295 461 323 508 de
333 478 387 525 pace
397 470 509 524 regeretur.
545 462 579 516 Q.
591 461 686 509 Fulvius
697 462 767 516 Gillo,
779 463 849 525 legn-

171 534 209 574 tus
220 527 337 588 Scipionis,
351 525 548 588 Carthaginienses
558 528 657 574 Romam
665 527 772 573 adduxit:
793 529 849 588 qui-
880 528 904 558 'e

171 591 220 644 bns,
234 591 308 638 vetitis
318 591 405 653 ingredi
415 591 508 646 Urbem,
517 592 638 654 hospitium
649 592 673 637 in
683 589 737 638 villi
747 591 849 655 publici,

174 663 264 702 senatus
274 656 302 702 nd
311 656 382 703 aedem
393 655 497 710 Bellone
505 657 570 704 dotus
580 664 622 704 est.

207 717 293 766 XXII.
320 720 451 767 Orationem
472 721 573 769 munden
591 721 670 775 ferme,
693 736 760 782 quom
784 721 848 782 spnd

175 784 310 846 Scipionem,
322 785 460 842 habuerunt3
471 785 559 848 culpem
570 801 661 832 omnem
668 786 721 833 belli
731 801 745 832 s
754 785 848 847 publico

172 849 267 896 consilio
277 849 300 895 in
310 849 460 896 Hannibalem
468 857 581 898 vertentes
589 868 596 897 ι
614 858 630 880 ⁴⁶
639 850 702 897 Eum
710 851 799 912 injussu
810 865 849 897 se-
921 876 922 891 r

175 915 241 960 statiis
253 928 298 960 non
309 914 381 975 Alpes
396 915 471 968 modo,
491 915 530 962 ssd
547 913 638 962 Iberum
656 930 755 976 qnoque,
770 922 848 963 mens

174 993 292 1040 gressum,
310 992 352 1024 nec
365 978 477 1026 Romanis
494 980 574 1033 solum,
592 980 632 1026 sed
647 987 700 1026 ente
718 980 786 1026 etism
804 980 847 1026 Ss-

174 1042 282 1104 guntinis,
294 1043 381 1104 privsto
396 1044 490 1090 oonmlio
505 1045 588 1091 bellum
606 1044 716 1090 intulisse
752 1044 846 1092 Senatui

174 1123 201 1154 ac
212 1108 294 1169 populo
302 1105 489 1170 Carthaginiensi,
501 1109 581 1170 quuis
591 1124 645 1156 vere
655 1109 759 1163 estimet,
771 1108 847 1155 foedus
921 1152 922 1157 ,

175 1172 204 1219 sd
214 1187 263 1219 eam
274 1171 332 1218 diem
343 1173 475 1220 inviolatum
488 1188 538 1220 esse
548 1189 601 1220 cum
612 1173 729 1220 Romanis.
766 1171 848 1235 Itaque

175 1237 230 1283 nihii
240 1236 306 1289 aliud,
320 1237 359 1282 sibi
371 1238 500 1284 mandatum
510 1250 567 1291 esse,
579 1238 612 1284 uti
619 1245 730 1300 peterent,
743 1253 811 1299 quem
822 1247 848 1284 ut

175 1301 198 1346 in
210 1298 237 1346 ei
246 1315 308 1362 poce,
324 1316 375 1361 qum
389 1310 504 1364 postremo
513 1318 566 1349 cum
577 1303 670 1349 consule
680 1301 775 1349 Lotatio
789 1303 849 1352 secte

175 1372 242 1416 esset,
252 1379 342 1412 monere
352 1365 454 1414 liceret.”
488 1364 557 1421 Com,
566 1383 629 1414 more
639 1367 729 1421 tradito,
742 1367 849 1415 Patribus

176 1437 308 1493 potestatem
319 1430 479 1492 interrogandi,
495 1432 513 1478 si
531 1431 581 1493 quis
595 1432 649 1493 quid
665 1432 741 1485 vellet,
760 1433 848 1495 legatos

74 1521 87 1533 .·
176 1502 260 1558 pretor
270 1493 373 1552 fecissen
390 1496 539 1558 seniormque,
557 1497 595 1557 qui
608 1496 730 1544 foederibus
740 1497 849 1545 iuterfue-

177 1567 234 1614 rsnt,
247 1560 290 1606 sfis
296 1559 332 1606 elii
341 1560 512 1622 interrogsrent,
521 1576 564 1608 neo
572 1561 700 1608 meminisse
707 1577 749 1623 per
759 1570 849 1610 setntern

178 1625 272 1687 (etenim
284 1633 362 1672 omnes
372 1623 442 1672 ferme
448 1625 546 1688 juvenes
560 1624 635 1685 erent)
648 1626 750 1673 dicerent
762 1627 848 1690 legeti;

177 1689 340 1738 conclamatum
362 1703 391 1736 es
415 1690 478 1736 omni
496 1698 559 1752 perte
577 1692 646 1738 curiae
663 1697 705 1744 est,
729 1697 746 1720 ‘⁸
763 1691 849 1740 Punici

176 1751 254 1799 fraude
270 1753 359 1807 electos,
376 1755 414 1813 qui
431 1762 531 1802 veterem
545 1770 623 1818 pscem
639 1763 774 1818 repeterent,
787 1759 849 1820 cnjns

178 1817 220 1878 ipsi
231 1817 466 1865 nonmeminissent’'
740 1865 745 1873 ,
838 1858 842 1870 .
922 1840 923 1867 1

212 1881 313 1928 XXIII.
335 1882 425 1929 Emotis
444 1884 524 1932 deinde
541 1882 603 1932 curii
620 1885 709 1947 legetis,
731 1888 850 1937 smtentie
922 1890 923 1899 ¹

178 1947 311 2010 interrogari
322 1955 410 2010 omptae.
446 1948 583 2003 M.Livius,
593 1956 609 1979 ‘⁴
622 1947 651 1997 C·
662 1951 786 1998 Servilium
797 1968 850 2000 con-
922 1962 923 1985 ¹

177 2013 256 2066 sulom,
269 2013 308 2072 qui
318 2013 407 2074 propior
418 2021 484 2067 esset,
500 2014 665 2068 arcessendum,
684 2023 806 2063 uteorum
825 2034 851 2065 eo
922 2002 923 2025 ¹

178 2077 206 2122 de
221 2091 275 2137 poce
290 2075 419 2138 ageretur,”
436 2079 547 2126 censebst.
584 2086 599 2108 ‘⁴
611 2077 671 2127 Cum
683 2080 712 2126 de
723 2096 748 2126 re
758 2083 849 2144 msjore,

177 2155 244 2201 quom
256 2149 337 2202 quonts
345 2157 371 2188 en
382 2150 447 2195 esset
459 2144 594 2191 consultatio
601 2144 699 2190 incidere
707 2159 754 2191 non
766 2158 849 2207 posset,
922 2152 923 2165 ¹

178 2219 223 2250 non
235 2205 304 2251 videri
315 2206 361 2258 sibi,
374 2208 465 2253 absente
479 2208 597 2255 consulum
610 2209 689 2261 sltero,
705 2211 850 2265 smbobusve,

177 2283 227 2316 eom
240 2284 285 2315 rem
297 2269 341 2329 egi,
354 2270 407 2316 sotis
418 2285 447 2316 ex
454 2272 564 2333 dignitate
574 2273 651 2334 populi
661 2273 762 2320 Romani
773 2276 849 2323 esse.”

179 2331 212 2386 Q,
223 2331 338 2383 Meteilus,
348 2334 385 2392 qui
397 2335 493 2381 triennio
501 2345 553 2383 ante
560 2337 639 2384 consui
649 2338 792 2400 dictatorqrm
801 2340 849 2388 fue·

179 2403 219 2448 ret,
239 2403 255 2424 ⁴⁴
268 2393 327 2440 Cum
340 2394 366 2440 Ρ.
379 2397 460 2460 Scipio,
473 2401 580 2447 oaedendo
591 2403 711 2456 exercitus,
722 2418 792 2466 egros
809 2417 848 2467 po-

177 2457 280 2529 pulando,
293 2457 316 2502 In
327 2472 376 2504 eom
390 2464 546 2512 necessitatem
563 2466 708 2528 compulisset
723 2468 808 2524 hostes,
824 2478 848 2516 nt

177 2521 287 2592 suppircss
297 2535 373 2581 pacem
391 2533 508 2586 peterent;
525 2537 549 2576 et
570 2545 636 2577 nemo
654 2530 756 2577 omnium
773 2535 858 2588 verius,

176 2591 304 2656 cnsumme
312 2597 394 2645 posset,
410 2589 454 2650 qui
465 2600 542 2640 mente
552 2610 579 2641 en
588 2609 633 2656 pax
642 2602 764 2657 peteretur,
780 2599 856 2658 qusm‘

111 2667 114 2676 ·
157 2661 161 2668 ¹
177 2660 203 2700 ιε,
216 2655 401 2716 ψωιῑβροηω
413 2651 558 2722 Csrthsgtms
572 2659 655 2712 benum
672 2668 781 2725 gemet,
799 2653 860 2720 μοι’
