1850 2917
205 149 236 208 Τ.
251 148 340 206 lelr
356 149 410 200 Lu.
424 150 522 203 XXVI.
541 151 602 204 Cer.
615 157 655 206 29.
721 159 769 212 142

92 289 188 342 qustrror
201 288 268 328 eruut
280 281 395 344 legiones:
415 283 506 330 urbsnae
519 283 571 330 dure
585 284 703 346 superioris
713 287 766 340 tnui

90 347 113 394 iu
122 345 254 404 Etrurism5
268 347 327 400 duae,
339 348 418 408 quibus
427 348 538 410 Sulpicius
545 349 625 396 consul
632 349 765 411 praefuisret,

90 412 113 458 iu
132 412 231 458 Gellium
248 412 397 458 mitterentur.
433 413 515 460 Galliae
530 421 554 460 et
567 413 693 476 legionrlrus
707 431 767 478 prus-

88 477 417 590 {mutnet-tilii
428 475 767 606 mittite

563 575 570 598 2

88 613 212 668 prorogato
227 606 252 651 in
267 621 351 652 sunum
367 606 466 668 imperio,
484 608 580 665 missum
599 617 623 654 et
639 607 671 663 Q.
682 607 766 662 Fulvio
820 599 825 604 ⁸

89 668 168 732 Capua
186 671 304 732 provincie
322 671 415 724 decreto,
435 680 625 734 prorogatumque
640 674 664 718 in
680 688 764 730 sunum

87 735 213 797 imperium.
246 734 367 782 Exercitus
378 736 460 782 civium
471 737 627 798 sociorumque
636 738 707 784 minui
712 739 765 800 jus·

88 815 132 853 sus,
145 808 171 847 ut
182 815 213 846 ex
224 799 310 846 duabus
320 801 446 864 legionibus
457 815 502 847 une
511 801 579 864 legio,
591 803 765 863 quinquemillia

87 866 188 926 pediturn
200 872 224 912 et
239 866 333 910 trecenti
344 865 428 925 equites
439 872 529 923 eseent;
545 866 648 921 dimissis,
664 867 703 928 qui
713 868 764 929 plus

87 930 142 978 rima
159 930 272 991 stipendia
287 930 405 976 heberent:
427 937 450 976 et
465 931 577 977 sociorum
593 939 677 993 septem
693 933 764 990 milli,

86 995 187 1056 peditum
198 1002 223 1040 et
234 995 327 1042 trecenti
341 995 426 1056 equites
441 995 622 1056 relinquerentur,
638 995 716 1044 eidem
727 1013 763 1046 re·

86 1060 146 1109 tione
158 1059 322 1121 stipendiorum
333 1058 406 1106 hubitd
416 1060 440 1106 in
450 1061 561 1106 veteribus
571 1062 676 1108 militrlus
686 1063 763 1109 dimit,

86 1125 167 1170 tendis.
206 1121 252 1172 Cn.
264 1123 346 1170 Fulvio
362 1124 448 1173 consuli
465 1125 583 1186 superioris
599 1127 657 1180 anui,
676 1141 717 1173 nec
733 1128 763 1176 (le

85 1187 204 1250 provincii
224 1187 314 1250 Apulisi,
336 1204 377 1234 nec
392 1189 420 1234 de
436 1190 542 1243 exercitu,
562 1205 629 1250 quem
647 1192 763 1248 habuerot,

85 1254 208 1314 quidquem
226 1261 350 1301 mutatum:
376 1260 462 1300 tentum
478 1255 501 1299 io
518 1269 601 1300 sonum
617 1265 763 1318 prorogatum

85 1319 207 1381 imperium
218 1325 260 1365 est.
288 1317 315 1363 P.
327 1317 444 1379 Sulpicius,
457 1319 544 1380 college
553 1319 607 1380 ejus,
620 1335 710 1368 omnem
721 1337 762 1368 ex.

85 1385 191 1436 ercitum,
208 1379 291 1445 praeter
306 1383 379 1430 socios
394 1383 491 1436 navales,
504 1385 582 1445 jussus
596 1383 707 1434 dimittere
717 1394 760 1433 est.

85 1445 146 1497 Item
159 1462 190 1494 ex
202 1445 278 1496 sicilie
288 1447 406 1501 exercitur,
423 1448 458 1494 cui
470 1447 507 1494 M.
519 1446 638 1496 Cornelius
647 1460 760 1510 preesset,

85 1514 122 1559 ubi
134 1513 218 1558 consul
228 1513 251 1558 iu
262 1512 398 1573 provinciam
409 1513 515 1564 venisset,
527 1512 608 1559 dimitti
615 1515 699 1576 jussus.
729 1514 760 1570 L,

86 1575 171 1626 Cincio
190 1577 282 1638 praetorl
300 1577 329 1623 sd
347 1577 488 1623 obtinendum
511 1577 608 1624 Sicilinrn
631 1576 764 1634 Cannenses

84 1642 170 1690 milites
187 1641 240 1695 deti,
258 1641 351 1688 duarum
368 1642 437 1688 instsr
452 1641 575 1703 legionum.
609 1641 714 1690 Totidem
730 1645 762 1692 le-

84 1707 168 1768 giones
186 1706 209 1752 in
226 1706 350 1754 Sardiniam
366 1705 392 1752 P.
405 1705 493 1754 Manlio
506 1707 603 1753 Vulsoni
618 1709 708 1769 pretori
723 1709 762 1757 de·

84 1779 163 1825 crete,
180 1772 261 1832 quibus
273 1769 301 1816 1,
313 1769 433 1818 Cornelius
443 1772 467 1816 in
477 1770 554 1818 eidem
565 1771 679 1834 provincii
689 1775 764 1835 priore

85 1851 147 1884 euno
162 1835 290 1897 praeiuernl·
327 1835 430 1884 Urbsnes
443 1836 545 1898 legiones
559 1837 592 1882 its
602 1833 696 1884 scribere
707 1853 763 1886 eou-
824 1849 829 1862 ·

86 1901 147 1952 mles
153 1901 223 1962 jussi,
239 1915 267 1947 ne
277 1915 344 1960 quem
356 1901 448 1946 militem
458 1901 565 1954 fecerent,
580 1900 618 1961 qui
629 1900 653 1946 iu
663 1904 764 1952 exercitu

86 1965 124 2012 Μ.
135 1963 233 2020 Claudii,
246 1964 282 2012 M.
294 1963 386 2019 Valerii,
400 1964 431 2018 Q.
442 1964 524 2019 Fulvii,
539 1965 649 2023 fuissent3
666 1980 724 2013 nere
734 1984 763 2032 eo

86 2045 147 2076 mno
157 2030 242 2092 plures,
258 2043 384 2091 qurmuna
397 2037 420 2076 et
435 2031 522 2091 viginti,
538 2028 650 2078 Romane
659 2031 763 2095 legiones

87 2104 173 2147 essent.
269 2103 271 2106 '

120 2157 223 2206 XXIX.
237 2157 284 2206 His
292 2159 502 2207 enatus-consonis
509 2159 619 2221 perlectis,
629 2161 701 2215 sortiti
709 2177 763 2223 pros

88 2224 175 2272 vincias
190 2224 302 2270 consides.
338 2224 413 2273 Sicilie
430 2231 453 2270 et
468 2225 545 2272 classis
559 2225 677 2278 Marcello,
695 2223 762 2280 Italis

89 2289 208 2339 cumbello
219 2287 325 2336 adversus
334 2288 485 2336 Hannibalem
494 2287 679 2336 Laevinoevenit.
700 2289 762 2344 Qun

88 2369 145 2407 sors,
164 2353 227 2402 velut
245 2354 326 2400 iterum
345 2353 559 2415 ceptis.Syrseusis,
576 2354 608 2400 itu
625 2353 763 2402 exanimavit

89 2419 186 2474 Siculos,
204 2419 371 2479 exspectatione
386 2418 453 2464 sortis
466 2418 491 2464 in
505 2417 623 2464 mnsuluur
640 2423 763 2477 conspectu

88 2481 635 2610 mrmtlnttrnrlfflrn
643 2488 764 2604 m

90 2603 212 2660 sermones'
225 2611 369 2674 prebuerint.
411 2607 563 2657 circumibunt
581 2607 642 2652 enim
660 2613 765 2652 senemrn

90 2692 142 2727 eum
153 2683 219 2726 veste
229 2673 327 2732 sordidi,
342 2672 486 2726 affirmanter,
492 2678 555 2779 :sse
564 2684 611 2718 nou
621 2667 692 2720 moto
701 2679 766 2718 m·
