1850 2917
139 123 195 168 ·26
226 172 228 179 s
272 116 717 169 T.L1V11Lrsxxlv.oss.ss

163 250 208 297 lsm
219 248 284 296 alieni
296 250 358 312 regni
373 264 438 297 suum
454 263 549 312 regnum
563 250 618 297 velit
630 250 711 304 iecere
725 247 834 296 eumdem

165 330 189 361 se
204 329 300 367 censere,
318 316 389 361 multo
404 316 476 361 scrius
489 316 517 361 sb
532 314 702 367 Andrsnodoro,
720 328 787 374 quem
803 315 835 361 sb

165 378 315 440 Hieronymo,
338 380 407 441 repeti
425 378 575 425 Ebenmm’‘
608 381 646 426 Ab
664 380 705 425 hac
723 378 836 425 concione

164 444 233 505 legati
247 442 308 491 missi
323 451 382 490 sunt.
418 444 514 490 Senatus
527 444 580 489 inde
592 444 667 491 heberi
681 451 768 505 coeptus
782 450 831 490 est:

165 509 225 569 qnod
233 510 296 561 sicut,
306 516 414 571 regnante
422 507 530 562 Hierone,
539 515 650 554 manserat
657 508 768 569 publicum
776 522 835 554 con-

164 572 246 627 silium,
259 573 290 619 ito
299 580 455 635 postmortem
466 574 521 635 eJus,
535 580 587 618 unte
596 588 645 619 eom
656 573 722 626 diem,
734 569 796 617 nulli
806 572 836 619 de

165 638 599 755 {tttttttttttttttttfl
608 636 838 747 diffiniti&

166 766 249 813 civium
259 782 388 820 consensus,
400 774 423 813 et
434 782 485 813 cum
496 717 549 813 old:
556 717 670 828 occdpstae
681 766 741 812 urbis
751 771 835 827 partes,

167 838 216 877 tum
227 846 277 893 pars
289 830 381 884 insulse,
398 828 483 893 [velut]
496 831 649 884 munitissima,
666 830 753 891 prodito
768 836 838 890 atque
912 824 916 830 ’

166 895 267 943 odienats.
304 896 348 942 Sed
367 902 484 941 evocatum
503 910 554 941 eum
573 896 695 957 ablegatis
711 893 838 943 Damnata

85 1011 88 1020 ¹
168 974 232 1012 uxor,
252 959 298 1006 filia
317 958 431 1013 Hieronis,
452 959 528 1005 inflato
543 960 614 1007 sdhuc
631 959 698 1020 regiis
714 958 793 1005 animis
810 974 839 1006 sc

166 1024 268 1071 muliebri
279 1024 363 1085 spiritu,
375 1024 480 1071 admonet
489 1040 549 1086 saepe
559 1032 671 1086 umrpstae
682 1022 789 1083 Dionysii
800 1030 840 1084 ty-

166 1088 232 1135 ranni
247 1090 322 1134 vocis:
341 1087 391 1149 qui,
408 1090 500 1151 pedibus
516 1095 619 1142 tractum,
638 1103 684 1136 non
702 1088 838 1135 insidentem

168 1168 234 1213 equo,
247 1153 369 1214 relinquere
377 1154 523 1215 tyrannidem,
535 1154 623 1205 dixerit,
642 1153 727 1200 debere
762 1159 778 1183 “
790 1151 838 1199 Fa-

168 1218 211 1270 cile
222 1228 271 1265 esse
281 1225 402 1271 momento,
415 1233 459 1277 quo
470 1219 520 1278 quis
531 1218 592 1271 velit,
608 1218 686 1264 cedere
695 1217 839 1278 possessione

165 1282 471 1394 ttttitt‘aeritt
479 1290 656 1409 iffi
668 1282 839 1393 ffiffi

169 1410 223 1457 dum
240 1411 374 1473 sb¹legstisr
396 1426 424 1458 eo
438 1419 537 1458 uteretur
551 1412 580 1457 sd
593 1411 736 1457 arcessendos
750 1425 779 1456 ex
791 1410 839 1457 Le·

168 1474 253 1523 outinis
274 1476 371 1533 milites;
394 1476 474 1537 quibus
495 1478 514 1522 si
534 1476 650 1538 pecuniam
670 1476 753 1537 regiam
772 1475 840 1535 polli-

169 1540 228 1587 citus
243 1547 309 1593 esset,
328 1540 403 1586 omnis
416 1540 439 1585 in
453 1548 562 1603 potestate
579 1542 626 1603 ejus
641 1537 742 1586 firturs.”
777 1538 840 1586 Haee

170 1604 284 1651 muliebris
300 1604 392 1651 consilis
407 1604 583 1651 Andrnnodorus
599 1620 672 1665 neque
687 1611 735 1651 tots
748 1602 840 1665 adsper-

170 1676 237 1715 nstus
247 1676 288 1723 est,
305 1684 377 1731 neque
391 1670 503 1731 extemplo
514 1670 611 1732 accepit:
630 1670 735 1715 tutiorem
746 1668 774 1714 ed
785 1684 841 1731 opes

170 1732 304 1781 affectandus
319 1740 380 1781 rstus
393 1749 442 1780 esse
457 1734 523 1788 vium,
542 1736 560 1781 si
575 1736 598 1781 in
611 1734 731 1795 praesentis
743 1734 841 1795 tempori

90 1846 91 1851 ,
171 1798 281 1845 cessisset
316 1796 396 1859 Itaque
410 1798 497 1859 legatos
511 1799 637 1845 renuntiare
646 1799 722 1860 jussit
738 1797 842 1845 firmrum

172 1874 197 1909 se
211 1862 234 1908 in
250 1862 340 1909 senstds
354 1878 380 1909 nc
394 1862 469 1925 populi
483 1870 600 1925 potestate.
636 1861 732 1909 Postero
744 1863 842 1910 dieluoe

107 1940 110 1951 ’
171 1924 252 1991 primif
264 1927 379 1989 patefactis
390 1926 474 1975 Iusulae
484 1928 561 1989 portis,
576 1927 600 1973 in
613 1926 689 1973 forum
704 1926 842 1975 Achradinae

171 1993 247 2039 venitr
269 1992 298 2037 ibi
312 1993 335 2037 in
350 2006 410 2039 srsm
424 1990 565 2045 Concordiae,
582 2007 612 2039 ex
627 1991 671 2052 qui
684 1992 754 2053 pridie
768 1990 841 2053 Poly-

172 2070 236 2101 senus
250 2056 394 2103 concionatus
407 2064 461 2109 erat,
477 2056 588 2103 escendit:
611 2057 778 2117 orationemque
789 2071 841 2104 eom

172 2135 238 2166 orsus
248 2127 289 2173 est,
306 2118 350 2180 qui
363 2122 458 2182 primum
473 2121 621 2168 cunctationis
636 2137 684 2168 suse
697 2122 785 2168 venium
799 2137 841 2183 pe

172 2184 236 2231 tivit:
259 2190 275 2213 “
286 2184 315 2231 Se
329 2185 388 2230 enim
403 2185 488 2231 clauses
502 2185 604 2233 habuisse
618 2193 701 2247 portos,
719 2201 765 2231 non
776 2201 841 2247 seps-

111 2256 116 2261 '
172 2255 258 2295 rentem
270 2264 321 2295 suns
335 2264 370 2295 res
384 2265 398 2297 s
411 2249 511 2311 publicis,
526 2250 566 2297 sed
580 2251 662 2297 strictis
677 2251 747 2297 semel
760 2250 842 2312 glsdiis

172 2313 296 2365 timentem,
316 2314 354 2375 qni
372 2313 422 2361 finis
441 2314 539 2361 caedssrus
555 2321 614 2362 esset
628 2315 731 2362 futurus:
755 2321 839 2371 utrum,

172 2377 233 2437 quod
242 2378 296 2423 sotis
306 2376 402 2425 libertati
410 2378 476 2432 foret,
488 2380 588 2426 contenti
596 2395 650 2426 nece
658 2380 747 2441 tyrnnni
755 2386 839 2433 essent,

172 2454 209 2493 un,
221 2440 354 2501 quicumque
364 2450 403 2489 sut
411 2444 576 2506 propinquitate
586 2452 624 2491 sut
634 2445 742 2490 affinitate
751 2450 790 2490 sut
800 2444 842 2490 sli-

172 2504 253 2565 quibus
266 2505 393 2553 ministeriis
407 2508 492 2569 regiam
506 2509 660 2571 contigissent,
675 2509 755 2555 cliente
767 2508 841 2569 culpe

172 2567 205 2614 rei
219 2568 387 2617 trucidarentur.
422 2570 545 2633 Postqusrn
559 2573 721 2625 snmdvertit,
736 2586 783 2625 eos,
802 2572 840 2632 qui

171 2629 303 2685 iibcrisseut
310 2634 411 2697 patrium,
427 2650 517 2691 servus
525 2636 593 2686 etium
602 2636 716 2687 libanum
726 2636 791 2691 veile,
807 2643 840 2683 st-
