1850 2917
180 136 210 187 Τ.
222 136 311 199 mvn
327 138 381 192 Lu.
396 138 521 194 xxvur.
538 143 601 194 Cae.
615 148 655 195 80.
706 147 755 201 286

84 274 181 329 qmtrrer
194 269 265 318 millis
274 272 384 333 juvenum
397 273 504 321 armant:
523 274 601 325 castris
611 272 691 323 deinde
700 290 757 323 exa·

85 340 122 381 tus
130 335 160 380 al>
170 333 201 381 L.
209 335 307 391 Marcio,
319 336 418 385 maximi
427 346 490 400 parte
500 339 595 387 militum
606 341 665 387 inter
673 341 756 399 tumn}
804 382 806 385 .

84 406 131 445 tum
148 408 267 461 ceptorum
283 408 413 456 metrorum,
434 404 563 464 quibusdam
580 404 647 451 etiarn
663 404 686 451 in
701 402 756 467 ruga
795 416 796 421 ’

82 464 179 518 amissis,
195 465 282 527 palatos
295 476 443 528 persequente
456 470 538 531 equite,
553 484 605 515 cum
620 469 695 531 paucis
710 470 758 531 lpse

81 528 171 591 effiagit
199 529 264 576 Dum
275 532 324 578 haec
332 533 363 579 ad
373 532 457 579 Baetim
468 532 565 579 fluvium·
573 540 688 596 gematur,
701 532 757 581 Lae-

81 594 126 640 lius
136 595 236 647 interim,
252 595 310 643 freto
323 597 347 642 in
362 596 478 644 Oceanum
489 607 586 651 evectus,
603 599 631 645 ad
644 596 756 647 Carteiam

82 659 155 707 classe
165 661 266 705 accessit.
303 660 364 708 Urbs
375 678 402 709 ea
411 663 435 707 in
450 661 489 709 ord
504 662 589 709 Oceani
605 664 647 711 sita
660 670 703 717 est,
720 664 757 709 ubi

81 724 181 785 primum
195 739 209 769 e
223 724 323 773 faucibus
336 728 439 788 angustis
452 728 556 789 panditur
567 744 634 775 mare
671 726 754 782 Gades,

81 790 131 835 aine
145 789 275 843 certamine,
295 792 420 852 proditione
436 792 561 853 recipiendi,
579 794 637 839 ultro
653 793 690 854 qui
707 806 756 839 eam

81 869 130 901 rem
137 854 336 915 pollicerentuein
345 863 418 902 castra
426 856 530 903 Romana
537 858 684 911 venientibus,
697 871 755 918 spes,

82 918 141 965 sicut
152 925 206 965 ante
216 919 300 965 dictum
309 927 350 973 est,
360 920 445 967 fuerat:
462 922 571 983 patefacta
579 923 697 968 immatura
704 936 757 983 pre·

80 983 138 1029 ditio
154 990 205 1040 est;
225 985 439 1046 comprehensosque
454 1001 532 1033 ornnes
547 986 621 1049 Mago
635 986 756 1033 Adherbali

80 1048 175 1110 praemri
193 1045 353 1109 Carthaginem
370 1050 515 1097 devehendos·
526 1052 599 1099 tradit.
634 1051 754 1107 Adherbal,

81 1112 205 1175 conjuratis
222 1113 245 1157 in
263 1114 444 1174 quinqueremem
462 1116 579 1177 impositis,
598 1114 758 1178 praemiarique

81 1175 116 1231 erl,
136 1178 191 1238 quia
205 1177 288 1223 tardior
303 1194 370 1238 quam
385 1180 481 1227 triremis
495 1188 549 1235 erat,
569 1181 617 1243 ipse
633 1194 685 1227 cum
703 1188 755 1227 octo

81 1242 211 1289 triremibus
226 1243 314 1289 modico
330 1244 447 1290 intervallo
463 1246 571 1306 sequitur.
605 1244 658 1293 Jam
672 1243 757 1294 fretum

80 1308 180 1353 intrabat
194 1307 365 1367 quinqueremis,
380 1324 432 1354 cum
448 1307 540 1363 Laelius,
552 1316 580 1357 et
594 1310 642 1372 ipse
653 1310 678 1357 in
689 1311 756 1371 quin·

80 1372 183 1433 queremi
200 1387 215 1417 e
229 1379 296 1433 portu
311 1370 415 1427 Carteiae,
433 1376 575 1435 sequentibus
590 1382 675 1436 septem
689 1376 757 1431 trire-

81 1438 164 1489 mibus,
178 1443 277 1489 evectus,
292 1436 316 1481 in
328 1437 476 1485 Adherbalem
487 1454 513 1485 ac
524 1439 625 1485 triremes
635 1439 754 1493 invehitur,

81 1502 266 1563 quinqueremem
285 1502 339 1547 satis
360 1501 459 1557 credens,
483 1502 613 1565 deprensam
636 1503 710 1565 rapido
732 1504 756 1549 in

78 1566 146 1620 freto,
173 1565 198 1611 in
219 1566 338 1612 adversum
359 1573 439 1612 aestum
461 1568 592 1629 reciprocari
613 1582 658 1613 nen
680 1582 753 1628 posse.

76 1630 172 1685 Poenus
193 1631 218 1676 in
240 1646 264 1676 re
285 1629 357 1677 aubitai
377 1646 495 1693 parumper
513 1633 612 1679 incertus
630 1632 757 1693 trepidavit,

81 1704 159 1744 utrum
174 1696 358 1756 quinqueremem
372 1704 508 1756 sequeretur,
525 1711 553 1743 an
563 1698 587 1742 in
598 1698 674 1745 horter
685 1703 757 1745 rostra

81 1756 232 1809 converteret
268 1757 322 1821 Ipsa
337 1761 450 1808 cunctatio
462 1760 591 1809 facultatem
601 1761 757 1818 ¹detractandae

81 1842 169 1889 pugnae
179 1824 275 1871 ademit:
289 1825 339 1887 jam
349 1826 409 1871 euim
422 1827 463 1876 sub
477 1826 523 1872 ictu
539 1827 578 1873 teli
593 1834 663 1880 erant,
676 1834 703 1873 et
712 1840 757 1873 un-

80 1892 150 1952 dique
160 1890 272 1936 instabant
282 1890 366 1937 hostes.
393 1890 475 1937 AEstus
486 1906 574 1951 quoque
585 1891 697 1937 arbitrium
707 1906 757 1943 rne-

81 1955 174 2003 dersndi
193 1970 263 2006 naves
281 1955 407 2001 ademerat:
434 1970 507 2015 neque
525 1962 573 2001 erat
591 1954 663 2002 navali
681 1969 757 2016 pugna

79 2020 175 2079 ‚similis5
196 2019 278 2081 quippe
290 2019 327 2065 ubi
341 2020 396 2065 nihil
409 2020 567 2073 voluntarium,
583 2019 638 2065 nihil
650 2020 704 2065 artis
719 2026 758 2065 sut

82 2085 172 2132 consilii
180 2092 247 2130 esset.
281 2082 336 2131 Una
346 2092 425 2131 natura
433 2084 493 2137 freti,
506 2090 618 2145 aestusque
628 2084 697 2130 totius
708 2099 758 2131 cer-

82 2150 173 2197 taminis
186 2157 274 2210 potens,
290 2149 344 2202 auis,
359 2150 437 2195 alienis
451 2150 545 2196 navibus
560 2149 706 2211 nequidquam
722 2165 758 2196 re-

82 2215 187 2277 migioin
195 2214 331 2259 contrarium
339 2212 455 2261 tendentes
463 2214 587 2268 invehebat,
600 2221 625 2262 ut
632 2213 758 2276 fugientem

84 2294 165 2327 navem
179 2278 268 2324 videres
282 2285 343 2325 retro
357 2278 442 2325 vortiee
456 2278 562 2326 intortam
576 2280 698 2327 victoribus
710 2279 760 2325 illa,

83 2352 146 2402 tam;
159 2350 183 2390 et
191 2349 328 2403 sequentem,
338 2343 390 2388 alin
399 2344 534 2390 contrarium
542 2353 638 2391 tractum
646 2343 761 2389 incidisset

82 2410 160 2461 maris,
175 2406 285 2469 fugientis
295 2406 362 2452 modo
374 2421 423 2453 sese
433 2415 578 2455 avertentem.
612 2408 666 2457 Jam
677 2408 700 2453 in
711 2404 760 2468 ipat

83 2471 163 2536 pugna
170 2474 228 2526 haec,
238 2487 290 2518 cum
298 2470 380 2516 infesto
389 2478 462 2520 rostro
470 2478 555 2533 peteret
562 2474 661 2519 hostium
670 2485 758 2523 navem,

83 2540 174 2598 obliqua
184 2537 234 2598 ipsa
242 2536 313 2582 ictum
321 2535 415 2581 alterius
426 2536 492 2581 rostri
503 2537 634 2596 accipiebat:
651 2536 695 2588 illa,
708 2548 760 2581 cum

83 2611 214 2650 transversa
223 2601 357 2663 objiceretur
367 2600 434 2651 hosti,
446 2606 538 2659 repente
549 2600 632 2645 intorta
639 2600 663 2643 in
670 2610 760 2659 proram

81 2666 287 2729 circumagebatur.
311 2660 766 2724 cuminmtatemes„tortunrregente

829 2796 921 2881 A
