1850 2917
163 138 211 183 318
279 132 308 182 T.
322 131 411 182 LIVII
427 133 481 182 Lm.
496 133 595 184 XXIX.
615 131 674 184 Cir-
687 135 710 182 5.

156 265 216 312 haud
234 264 402 310 contemnendis
421 265 491 326 copiis
509 263 629 310 affirturum
646 264 745 326 peditum
761 265 822 326 equi·

157 337 256 389 tumque.
293 328 343 374 Nec
354 329 395 390 ipsi
406 327 479 375 Laelio
493 330 624 375 morandum
635 331 658 374 in
669 327 748 375 Africis
756 345 817 377 esse:
915 388 916 391 Ἰ

157 394 249 440 classem
267 394 356 440 credere
372 393 493 455 profectam
510 411 523 440 s
541 392 684 455 Carthagine,
702 409 753 438 cum
770 393 819 454 qut,
915 446 916 451 ¹

157 459 369 570 menscipim'
386 473 431 504 non
444 460 497 505 setis
509 466 583 536 tutum
596 474 645 505 esse
660 458 821 506 contrahicen
915 490 917 525 4

190 587 220 633 V.
241 589 278 634 Ab
296 589 339 635 hoc
358 603 460 636 sermone
479 589 570 634 dimisso
588 585 717 641 Masinissd,
737 559 823 636 Laelius
915 610 916 629 i

156 653 297 715 postero'die
311 661 379 700 nares
391 652 470 714 praedi
481 662 573 700 onustas
584 655 611 700 ab
622 652 730 715 Hippone
740 653 806 699 solvit
812 671 821 710 ;
915 712 916 717 1

156 725 303 778 revectusque
314 718 337 763 in
349 719 453 772 Siciliam,
471 719 575 764 mandata
585 717 713 764 Masinissae
725 717 823 778 Scipioni

156 782 265 844 exposuit.
301 782 394 842 Eisdem
404 782 475 829 ferme
485 783 560 830 diebus
571 798 646 836 naves,
664 779 823 842 quzestar·
915 810 916 841 3

156 847 248 908 thagine
258 847 286 893 ad
294 847 419 909 Magonem
429 849 505 894 missae
516 855 585 900 erant,
598 847 655 892 inter
666 846 823 907 Albingaunos
915 860 916 889 1

156 911 255 972 Ligures
271 913 419 972 Genuamque
436 918 582 958 accesserunt.
617 910 646 956 In
660 911 688 956 iis
701 911 823 957 locistum
915 938 916 957 r

155 975 214 1022 forte
229 975 405 1037 Magotenebat
419 977 526 1022 classem:
545 977 590 1036 qui,
607 977 733 1036 legatorum
742 975 825 1021 auditis

155 1040 235 1092 verbis,
241 1040 367 1101 jubentium
375 1042 486 1086 exercitus
494 1055 559 1100 quam
570 1040 680 1086 maximos
688 1054 829 1100 comparare,

157 1105 269 1166 extemplo
286 1105 403 1151 Gallorum
419 1111 442 1150 et
457 1104 569 1164 Ligurum
587 1106 694 1166 (nemque
708 1105 826 1164 utriusque

156 1169 231 1231 gentis
245 1169 325 1230 ingens
343 1169 371 1214 ibi
389 1169 509 1214 multitudo
523 1166 580 1227 erat)
596 1169 714 1214 concilium
731 1169 822 1214 babuits

155 1240 179 1278 et
195 1239 210 1261 “
222 1233 314 1278 missurn
330 1248 354 1278 se
370 1233 399 1279 ad
415 1249 454 1279 eos
472 1233 614 1278 rindioendos
632 1233 655 1277 in
673 1231 825 1286 libertatem,”

142 1297 193 1349 .ait,
213 1303 229 1325 “
240 1304 269 1350 et,
288 1304 313 1342 ut
329 1297 371 1358 ipsi
388 1305 487 1351 cernant,
505 1297 562 1342 mitti
580 1297 620 1343 sibi
636 1297 663 1342 ab
680 1297 748 1342 domo
765 1312 827 1357 prae-

156 1362 223 1408 sidia:
245 1361 290 1414 sed,
303 1361 391 1421 quantis
403 1363 491 1414 viribus,
504 1369 588 1422 quanto
599 1362 697 1408 exercitu
707 1361 731 1406 id
740 1361 826 1408 bellum

156 1433 255 1488 geratur,
280 1427 303 1471 in
319 1442 395 1472 eorum
413 1434 523 1487 potestate
538 1441 594 1472 esse
628 1425 696 1472 Duos
712 1426 828 1472 exercitus

157 1491 281 1544 Romanos,
300 1507 368 1536 unum
380 1492 404 1536 in
416 1489 497 1543 Galliis,
514 1492 607 1536 alterum
617 1490 641 1535 in
654 1487 749 1536 Etrurii
759 1488 825 1540 essei

158 1557 211 1618 satis
229 1557 291 1608 scire,
311 1557 349 1617 Sp.
370 1554 501 1602 Lucretium
518 1571 542 1600 se
556 1570 609 1601 cum
626 1554 661 1600 Μ.
676 1553 744 1600 Livio
757 1556 828 1616 junc-
915 1558 916 1561 ’

157 1629 246 1666 turum:
266 1621 336 1666 multa
355 1619 423 1665 millia
441 1619 494 1680 ipsis
512 1619 579 1666 etiam
598 1619 702 1665 minanda
721 1633 781 1672 esse,
801 1626 828 1664 ut

157 1687 244 1732 duobus
261 1685 359 1737 ducibus,
378 1685 462 1730 duobus
480 1685 611 1730 exercitibus
630 1683 741 1729 Romanis
759 1684 829 1730 resis-

157 1748 244 1796 tatur.”
278 1749 346 1802 Galli,
366 1755 381 1778 ‘¹
393 1763 503 1795 summam
520 1749 548 1794 ad
564 1749 588 1793 id
604 1763 667 1794 suam
684 1747 828 1794 voluntatem

156 1813 232 1868 esse,”
250 1813 335 1860 dicere:
357 1820 371 1842 ‘¹
384 1813 429 1866 sed,
448 1829 499 1859 curn
513 1820 640 1859 anacastra
650 1811 757 1858 Romana
767 1813 830 1858 intra

157 1879 221 1932 fines,
239 1879 307 1926 altera
323 1879 346 1923 in
360 1875 454 1923 finitimi
470 1876 528 1923 terri
542 1875 634 1923 Etrurii
647 1891 717 1937 prope
730 1877 755 1921 in
772 1892 831 1922 con·

158 1952 235 2006 spectu
247 1945 347 1996 habeant,
366 1943 384 1988 si
398 1943 470 2003 polam
481 1941 520 1989 fist
529 1942 616 1988 auxiliis
626 1940 727 2002 adjutum
738 1942 768 1988 ab
779 1956 831 1988 sese

159 2007 264 2062 Poenum,
291 2003 402 2068 extemplo
423 2005 516 2053 infestos
537 2006 648 2066 utrimque
668 2005 784 2052 exercitus
806 2006 832 2051 in

157 2087 237 2134 agrum
254 2088 318 2120 suum
334 2073 482 2121 incursuros,
504 2069 541 2117 Ea
555 2071 582 2116 ab
595 2070 667 2120 Gallis
682 2065 834 2124 desideraret,

153 2137 236 2198 *quibus
247 2137 334 2182 occulte
342 2136 440 2197 adjuvari
447 2141 529 2197 posset·
564 2127 692 2195 Liguribus,
702 2134 766 2193 quod
777 2150 833 2195 pro·

155 2203 194 2250 sul
202 2217 256 2262 agro
268 2201 400 2259 urbibusque
411 2216 488 2246 eorum
499 2207 571 2247 castra
581 2198 686 2244 Romana
694 2198 747 2251 sint,
758 2199 834 2246 libers
874 2246 876 2251 ,

154 2267 250 2317 ,consilia
265 2280 326 2313 esse:
345 2265 395 2313 illos
410 2278 496 2310 armare
505 2266 654 2326 juventutem,
671 2268 695 2308 et
709 2277 834 2323 capessere

157 2345 198 2390 pro
208 2335 271 2389 parte
285 2328 374 2379 bellum,
393 2340 482 2388 aequum
496 2326 572 2374 esse’'
605 2326 702 2388 Ligures
712 2327 775 2373 haud
788 2328 834 2374 ab·
915 2378 916 2391 χ

158 2407 242 2447 nuere;
266 2398 353 2451 tempus
374 2391 442 2438 modo
460 2393 555 2441 duorum
574 2392 684 2437 mensium
702 2399 783 2451 petere
802 2392 834 2438 ad

153 2454 257 2502 delectus
275 2455 394 2501 habendos.
430 2454 524 2502 Interim
544 2455 617 2516 Mago
638 2455 727 2507 milites,
753 2455 833 2506 Gallis

153 2516 261 2568 dimissis,
279 2518 336 2566 clam
346 2535 386 2580 per
396 2533 463 2580 agros
473 2535 551 2569 eorum
567 2519 669 2566 mercede
683 2519 833 2568 conducere:

154 2587 295 2632 ,commestus
309 2599 397 2643 quoque
412 2585 485 2631 omnis
498 2584 588 2646 generis
602 2583 690 2630 occulte
702 2583 732 2628 ad
746 2598 803 2629 erun
818 2597 834 2638 ⁸.
915 2568 916 2611 l

153 2644 231 2696 fluns
247 2647 336 2708 populis
355 2648 517 2717 mittebantur,
546 2648 584 2701 M·
603 2647 686 2702 Islrlut
700 2647 833 2704 exercitum
915 2688 916 2697 ,
