1850 2917
203 118 233 168 Τ.
247 118 336 168 LIVII
352 119 404 167 Lm.
419 119 522 168 XXIX·
540 118 600 170 Car.
614 125 640 168 8.
709 123 760 171 sls

89 251 206 298 tium-acie
219 251 267 298 vias
281 251 409 313 permittere
423 265 494 312 equos
503 250 594 313 jubeatr
613 251 668 312 ipse,
685 251 762 315 coeptd

87 331 166 378 parum
178 331 283 378 prospere
292 315 388 376 pedestri
398 313 482 377 pugni,
491 323 579 362 tantum
589 323 696 371 moratus,
706 319 761 365 dum

88 381 177 427 cedenti
192 381 329 426 duodecimae
343 379 433 441 legioni,
451 395 502 441 quae
519 380 542 425 in
560 381 619 427 lrevo
636 396 706 427 cornu
720 384 761 429 ad-

86 461 167 492 versus
190 443 299 507 Ilergetes
320 445 392 490 locata
413 453 467 498 erat,
491 446 578 491 tertiam
600 445 709 492 decimam
726 447 762 493 le-

87 510 181 572 gionem
198 525 228 556 ex
244 509 344 556 subsidiis
360 510 382 554 iu
399 511 493 570 primam
508 511 577 556 aciem
594 509 760 558 firmamentum

88 575 164 632 ducit;
182 581 300 636 postquam
315 582 401 634 aequeta
414 574 443 620 ibi
458 589 535 636 pugna
548 582 590 628 est,
608 576 636 621 ad
647 573 675 620 L.
689 575 761 622 Man-

87 639 150 692 lium,
163 639 223 686 inter
233 641 304 701 prima
314 639 378 701 signa
385 640 519 693 hortantem,
531 655 557 686 ac
568 640 670 694 subsidia,
680 642 760 701 quibus

88 719 124 750 res
138 704 266 766 postulabat
279 705 341 757 locis,
357 705 507 757 inducentem,
525 705 600 751 venit:
618 705 701 752 indicat
712 713 761 753 tuta

88 770 116 814 ab
129 770 190 815 laevo
205 784 275 815 cornu
292 785 353 816 esse:
368 771 415 830 jam
433 769 526 814 missum
544 771 571 815 ab
588 785 612 816 se
628 769 759 818 Cornelium

90 833 196 880 Servium
207 831 303 896 procelli
311 833 407 894 equestri
415 835 491 880 hostes
499 834 692 880 circumfusarum.
711 834 761 882 Vix

89 899 139 944 haec
154 899 214 944 dicta
230 899 325 951 dederat,
344 913 395 944 cum
413 898 511 944 Romsui
526 901 618 959 equites,
636 900 659 945 in
673 899 760 947 medios

88 963 173 1008 invecti
184 964 266 1016 hostes,
284 963 348 1009 simul
359 963 473 1024 pedestres
483 965 541 1010 acies
551 962 674 1018 turbirunt‚
692 965 760 1012 simul

89 1028 201 1088 equitibus
215 1026 371 1089 Hispanorum
388 1029 447 1074 visrn
464 1029 596 1074 immittendi
611 1045 680 1090 equos
697 1030 760 1076 olau-

89 1099 174 1138 serunt.
202 1091 287 1152 Itaque,
300 1091 382 1138 omissi
391 1091 469 1154 pugni
479 1094 582 1153 equestri,
595 1094 623 1138 ed
633 1094 758 1154 pedestrem

89 1155 189 1218 Hispani
200 1157 366 1203 descenderunt.
402 1157 501 1204 Romani
510 1157 661 1219 imperatores,
674 1165 699 1204 ut
710 1166 759 1204 tur-

87 1223 153 1267 batos
163 1223 262 1267 hostium
273 1222 367 1274 ordines,
386 1229 408 1268 et
419 1223 586 1284 trepidationem
600 1237 757 1284 pavoremque,

89 1292 112 1332 et
132 1285 263 1332 fluctuantia
281 1286 384 1333 viderunt
403 1287 474 1348 signa,
492 1288 614 1341 hortantur,
633 1297 697 1334 orant
716 1289 759 1334 mi·

88 1351 148 1404 lites,
166 1358 193 1396 ut
208 1352 320 1412 perculsos
337 1351 449 1404 invadant,
467 1366 511 1398 ueu
528 1353 613 1398 restitui
632 1354 701 1400 aciem
718 1369 759 1414 pa·

87 1415 180 1461 tientur.
216 1413 270 1460 Non
290 1417 446 1462 sustinuissent
462 1423 508 1462 tam
522 1416 632 1462 infestum
650 1418 759 1477 impetum

10 1523 11 1532 ,
87 1481 183 1534 barbari,
200 1480 223 1525 ni
241 1481 331 1542 regulus
348 1481 395 1541 ipse
413 1479 519 1534 Indibilis,
538 1496 589 1526 cum
606 1480 716 1541 equitibus
730 1481 759 1526 ad

86 1544 156 1607 pedes
175 1545 292 1606 degressis,
310 1553 362 1591 ante
375 1546 446 1606 prima
462 1546 528 1606 signa
543 1546 642 1606 peditum
660 1561 684 1592 se
699 1546 761 1607 obje-

87 1611 164 1656 cisset.
202 1609 235 1655 lbi
247 1611 379 1670 aliquamdiu
391 1618 455 1656 atrox
465 1626 542 1672 pugna
551 1611 619 1656 stetit.
647 1609 758 1664 Tandem,

86 1681 207 1737 postquem
225 1675 247 1728 ii,
265 1675 302 1734 qui
314 1676 371 1721 circa
382 1690 466 1736 regem,
485 1676 617 1722 seminecem
628 1682 758 1728 restantem,

87 1739 169 1786 deinde
180 1739 225 1800 pilo
233 1746 298 1786 terrae
307 1740 405 1792 affixum,
423 1741 558 1802 pugnabant,
576 1741 648 1787 obruti
659 1741 710 1787 telis
720 1755 760 1785 oc·

86 1805 229 1860 cubuerunt3
247 1811 295 1849 tum
309 1803 363 1866 iuga
377 1805 458 1865 passim
470 1812 550 1865 coepta,
568 1806 686 1866 pluresque
698 1805 757 1858 caesi,

86 1869 140 1930 quia
148 1883 219 1928 equos
228 1869 388 1914 conscendendi
400 1869 508 1929 equitibus
520 1869 614 1929 spatium
623 1880 669 1914 non
678 1869 758 1920 fuerat,

86 1941 110 1980 et
121 1933 175 1992 quia
185 1933 291 1994 perculsis
301 1935 380 1979 acriter
389 1933 517 1979 institerunt
528 1933 640 1979 Romani:
655 1947 696 1978 nec
707 1939 760 1978 ante

85 1999 216 2044 abscessum
228 2005 268 2048 est,
281 2013 346 2057 quam
358 1999 435 2044 castris
445 2012 535 2058 quoque
543 2004 653 2043 exuerunt
661 1998 756 2043 bostem.

87 2062 209 2109 Tredecim
220 2061 288 2107 millia
298 2061 451 2124 Hispanorum
464 2077 523 2108 caesa
533 2077 560 2107 eo
575 2062 618 2115 die,
634 2062 759 2124 octingenti

85 2127 161 2175 fenne
176 2127 242 2187 capti.
278 2125 432 2172 Romanorum
452 2127 608 2186 sociorumque
625 2128 692 2188 paulo
710 2143 760 2173 am-

86 2193 148 2256 plius
167 2191 264 2244 ducenti,
284 2192 380 2237 maxime
401 2193 424 2236 in
443 2191 502 2238 laevo
524 2205 600 2243 cornu,
622 2191 756 2237 occiderunt.

87 2255 162 2304 Pulsi
173 2256 250 2302 castris
265 2254 369 2317 Hispani,
387 2263 426 2302 aut
440 2256 477 2316 qui
491 2271 521 2302 ex
535 2257 615 2317 proelio
626 2255 758 2317 effugerant,

86 2321 159 2384 sparsi
174 2321 246 2381 primo
260 2335 300 2382 per
313 2335 387 2382 agros,
406 2320 486 2367 deinde
496 2321 519 2366 in
530 2336 581 2367 suas
596 2321 690 2382 quisque
704 2319 760 2365 ciri·

86 2393 146 2432 tates
157 2385 277 2430 redierunt.

120 2447 170 2496 111.
186 2449 247 2496 Tum
263 2449 411 2495 sMandonio
422 2449 508 2494 evocati
521 2450 546 2494 in
561 2451 686 2502 concilium,
703 2463 761 2494 con-

85 2515 206 2578 questique
221 2514 249 2560 ibi
266 2513 339 2560 clades
357 2527 415 2566 suas,
430 2513 543 2572 increpitis
560 2515 686 2562 auctoribus
699 2513 759 2564 belli,

84 2581 177 2642 legatos
191 2579 319 2630 mittendos,
339 2576 367 2622 ad
383 2591 445 2622 arma
461 2577 567 2622 tradenda
581 2578 761 2635 deditionemque

83 2645 219 2699 faciendam,
229 2648 370 2690 censuerunt.
407 2639 502 2695 Quibus,
515 2641 602 2702 culpem
610 2643 634 2687 in
645 2647 731 2688 auctore
