1850 2917
197 194 226 242 r.
240 191 327 242 urvn
344 191 396 262 aa
409 191 495 264 xxm
514 191 574 244 cn.
588 196 611 242 a.
689 199 736 244 aar

78 314 169 388 proelio,
182 324 265 370 cladem
277 331 401 386 acceptam:
421 340 472 372 eum
483 327 541 371 bello
550 324 676 371 inferiorern
687 340 745 378 esse,

78 391 120 452 (pri
142 388 210 435 armis
228 387 354 434 rn'ncatur.''
388 389 448 435 Haec
466 390 547 451 legatis
566 405 677 450 respousa.
712 389 754 435 Ea.

81 461 135 516 post
151 453 198 498 dies
214 468 297 515 paucos
313 469 389 498 rursus
400 452 528 500 Hasdrubal
538 462 561 500 et
572 455 661 515 Syphax
673 454 748 514 copias

78 521 218 582 junxerunt:
232 518 251 562 is
262 518 334 562 omnis
345 519 454 564 exercitus
464 517 506 564 init
517 518 608 580 triginta
615 518 687 564 terme
696 518 748 563 mil-

81 583 140 629 lium
150 589 293 628 armatorum.
752 602 755 607 ·

97 668 101 674 ·
118 645 191 691 VIII.
214 646 346 706 Scipionem,
366 646 428 692 velut
442 648 490 708 jam
512 647 626 700 debellato,
643 647 702 706 quod
720 645 749 692 ad

84 711 212 773 Syphacem
232 709 470 771 Carthaginiensesque
486 712 594 764 attineret,
614 710 690 757 Uticae
704 725 756 771 op·-

83 775 214 839 pugnandse
228 774 345 828 intentum,
359 777 449 836 jamque
465 775 578 821 machinas
594 776 757 821 admoventem·

83 840 163 892 muris,
187 839 267 885 avertit
286 837 345 885 lama
363 840 506 900 redintegrati
526 840 590 885 bellis
614 840 750 899 modicisque

82 903 193 967 praesidiis
210 903 238 949 ad
254 903 349 964 speciem
363 905 429 950 modo
446 904 565 950 obsidionis
578 902 638 950 terri
650 904 757 964 marique

82 969 175 1020 relictis,
191 969 238 1029 ipse
252 983 304 1014 cum
319 969 397 1014 robore
413 968 524 1015 exercitiis
533 969 566 1014 ire
575 968 603 1014 ad
613 969 688 1014 hostes
698 984 755 1030 per-u

82 1033 126 1096 git.
163 1031 240 1079 Pn'mo
250 1033 273 1077 in
285 1033 378 1086 tumulo,
394 1040 489 1092 quatuor
497 1031 568 1078 ferme
577 1033 645 1078 millia
655 1033 750 1079 distante

83 1098 113 1144 ab
131 1096 208 1142 castris
225 1096 298 1157 regiis,
314 1097 427 1142 consedit:
444 1104 534 1158 postero
543 1097 579 1144 die
588 1112 640 1142 eum
650 1097 756 1156 equitatu-

83 1161 109 1208 in
121 1160 221 1221 Magnos
234 1161 276 1223 (ita
285 1158 378 1220 vocant)
390 1176 487 1222 campos,
499 1162 608 1222 subjectos
622 1161 643 1205 ei
653 1161 755 1214 tumulo,-

86 1225 213 1286 degressus‚
227 1225 364 1270 succedendo
372 1224 399 1270 ad
408 1226 513 1271 stationes
523 1226 627 1277 hostium,
639 1224 755 1271 lacessam·

86 1289 162 1349 doque
177 1289 262 1334 levibus
277 1289 368 1350 proeliis,
385 1289 442 1336 diem
459 1291 576 1335 absumsit:
598 1297 621 1335 et
636 1305 675 1350 per
690 1290 756 1336 inse-=

85 1368 159 1414 quens
169 1353 258 1398 biduum
270 1353 411 1400 tumultuosis
421 1354 472 1399 hinc
482 1361 548 1414 atque
561 1353 621 1399 illinc
637 1355 755 1400 excursis·

85 1419 153 1464 nibus
172 1417 273 1469 invicem,
297 1417 351 1463 nihil
372 1417 431 1464 dictu
450 1417 503 1464 satis
521 1418 615 1478 dignum
632 1417 747 1464 iecenmt:

86 1488 169 1544 quarto
183 1481 218 1526 die
232 1481 342 1540 utrimque
356 1481 380 1526 in
395 1483 463 1528 aciem
481 1482 610 1528 descensum
624 1489 666 1527 est.
700 1481 755 1527 lto-1

85 1559 168 1594 manus
178 1546 286 1606 principes
296 1547 347 1606 post
357 1547 493 1592 hastatorum
503 1546 574 1606 prima
584 1547 654 1606 signa,
666 1545 690 1591 in
698 1547 751 1591 sab-

86 1610 150 1658 sidiis
157 1610 243 1656 triarios
252 1610 379 1657 constituit:
393 1611 513 1671 equitatum
522 1608 623 1655 Italicum
634 1610 662 1655 ab
672 1610 754 1656 &xtra

87 1689 166 1726 cornu,
187 1675 213 1720 ab
231 1675 290 1720 laevo
309 1673 418 1720 Numidas
434 1674 620 1734 Masinissamque
638 1675 762 1736 opposuit--

87 1739 182 1800 Syphax
197 1737 373 1798 Hasdrubalque,
390 1738 516 1784 Numidicis
529 1739 634 1786 adversus
646 1737 756 1786 Italicum·

86 1803 218 1864 equitatum,
237 1800 455 1864 Carthaginiensibus
470 1809 548 1848 contra
561 1802 704 1849 Masinissam
715 1805 753 1849 lo-=

85 1867 151 1920 catis,
170 1865 292 1914 Celtiberos
308 1867 332 1911 in
346 1867 441 1913 mediam
455 1867 524 1912 sciero
539 1867 563 1910 in
579 1867 671 1913 adversa
686 1867 751 1928 signa

86 1931 204 1992 legionum
214 1927 325 1992 accepere.
350 1930 386 1977 Ita
396 1931 496 1976 instructi
507 1937 648 1976 concurrunt.
673 1929 751 1976 Primo

87 1997 174 2057 impetu
186 1995 251 2040 simul
262 2003 354 2055 utraque
365 2009 453 2048 cornua,
471 2002 495 2040 et
505 1993 611 2040 Numidae
620 2000 644 2040 et
655 1992 754 2042 Cartha·

86 2059 202 2122 giniemes
217 2059 288 2119 pulsi:
308 2073 359 2105 nam
375 2074 446 2119 neque
457 2057 570 2115 Numidae,
587 2059 684 2105 maxima
698 2074 750 2120 pars

86 2130 196 2186 agrestes,
214 2122 341 2170 Romanum
352 2123 480 2184 equitatum,
498 2137 569 2182 neque
580 2120 751 2184 Carthaginien·

84 2203 132 2240 ses,
151 2194 174 2233 et
188 2187 234 2248 ipse
250 2200 321 2234 novus
335 2188 404 2240 miles,
421 2187 572 2239 Masinissam,
587 2187 670 2232 recenti
684 2203 750 2248 super

85 2258 171 2302 caetera
181 2250 273 2298 victorii
283 2251 407 2304 terribilem,
419 2249 549 2298 sustinuere.
571 2251 662 2297 Nudata
671 2251 751 2298 utrim-

86 2331 133 2377 que
151 2316 254 2362 comibus
271 2313 406 2362 Celtibertlm
420 2317 478 2362 acies
495 2318 579 2371 stabat3
596 2315 656 2375 quod
670 2330 711 2361 nec
724 2316 765 2361 inv

84 2377 145 2442 fugi
155 2380 213 2426 salus
224 2379 268 2426 ulla
278 2381 432 2426 ostendebatur
441 2379 497 2425 locis
506 2380 596 2440 ignotis,
612 2395 684 2439 neque
699 2394 750 2440 spes

85 2444 162 2492 veniae
170 2445 197 2490 ab
206 2443 308 2505 Scipione
318 2451 379 2499 erat;
391 2457 463 2502 quem,
475 2444 531 2488 bene
541 2445 644 2489 meritum
654 2444 682 2490 de
693 2458 718 2490 ss
726 2452 752 2490 et
762 2466 765 2471 »

87 2515 160 2572 gente
169 2504 216 2560 sud,
228 2508 368 2554 mercenariis
378 2507 444 2552 aratis
453 2507 478 2551 in
488 2506 588 2552 Africam
598 2513 750 2568 oppugnatum

86 2573 211 2620 venisseut.
245 2570 326 2632 Igitur,
344 2569 482 2616 circumfusis
491 2570 587 2628 undique
596 2571 702 2625 hostibus,
713 2572 751 2618 alil

84 2651 154 2698 super
165 2635 221 2682 alios
230 2636 340 2688 cadentes,
352 2634 454 2680 obstinati
465 2633 624 2680 moriebantur:
638 2635 751 2681 omnibuoe

84 2715 131 2764 que
141 2700 165 2749 in
175 2696 301 2756 sos'versis,
317 2699 454 2761 aliquantum
463 2698 494 2746 ‘sd
502 2695 580 2760 iugum
590 2698 695 2760 terporis
706 2697 750 2757 sy·
785 2743 788 2749 ,

842 2748 924 2859 ll
