1850 2917
177 119 228 175 aa
277 83 743 181 summm-,csse

178 243 293 297 diderautz
310 244 371 293 fama
380 244 460 291 deinde
470 243 550 291 Punici
559 244 618 299 belli,
634 260 678 305 quo
689 243 843 299 duodecimus

179 324 264 364 aunum
278 307 345 357 Italia
359 310 468 363 ureiatur,
485 310 537 357 satis
551 309 676 363 edocuerat,
688 309 747 355 mam
757 317 844 362 tautum

179 374 252 435 Alpa
266 390 329 421 esse:
347 375 402 424 duas
415 375 547 436 praevalidss
562 376 634 429 urbes,
651 389 734 437 magno
748 376 807 425 inter
821 390 846 435 se

180 438 407 500 madsterransmque
418 440 488 500 spatio
499 438 611 493 discretas,
624 438 651 485 de
661 438 754 503 imperio
765 448 789 487 et
798 439 845 505 opi-

180 504 223 564 bus
236 512 327 551 certare.
357 503 411 550 'Hae
421 519 495 551 mussa
508 512 639 565 aperuerant
652 504 723 565 Alpes
740 502 845 559 Hasdrur

180 568 231 616 bsli.
266 567 388 622 Caeterum,
411 568 471 629 quod
489 568 600 615 celeritate
618 568 703 615 itineris
721 568 846 635 proiectum

180 640 237 687 erat,
257 634 281 679 id
298 648 361 679 mora
379 633 406 679 ad
425 632 569 685 Placentino,
591 633 643 679 dum
661 632 744 681 frustra
762 630 848 701 obsidet

181 698 254 759 magis
270 713 336 757 quam
355 705 477 759 oppugnat,
495 698 598 759 corrupit.
641 695 772 745 crediderat
787 714 848 751 cam,

180 763 262 823 pestris
276 762 349 823 oppidi
364 762 452 809 facilem
466 762 655 823 expuguationem
669 777 731 812 esse:
750 770 775 811 et
786 752 849 809 notit

180 826 233 875 litas
251 827 345 873 colouiae
362 826 481 873 induxerat
498 842 556 879 eum,
580 842 688 889 magnum
707 842 732 875 se
749 822 849 887 exssddp

181 892 230 952 ejus
244 891 304 937 urbis
318 899 425 937 terrorem
435 891 523 937 caeteris
533 898 605 937 ratum
617 892 757 953 injecturum.
794 890 850 949 Non

174 955 255 1019 ipsum
263 956 335 1001 solum
343 970 369 1001 ea
377 956 514 1016 oppugnatio
521 955 632 1016 impediit;
641 956 680 1001 sed
689 950 849 1013 Hannibalem,

181 1026 234 1081 post
248 1018 330 1065 buum
345 1020 452 1071 transitus
467 1021 514 1081 ejus
528 1026 591 1065 tanto
606 1035 645 1081 spe
660 1017 700 1066 sui
710 1016 848 1077 celeriorem}

177 1083 226 1146 jam
240 1090 368 1129 moventem
382 1098 412 1129 ex
427 1084 532 1136 bibernis,
548 1084 700 1143 continuerat;
717 1083 800 1149 quippe
813 1102 851 1135 te-

181 1154 303 1210 putante..
322 1141 367 1193 non
383 1148 455 1193 solum
466 1162 533 1207 quam
542 1148 603 1195 lenta
614 1148 700 1195 urbium
711 1164 740 1211 op
755 1151 852 1215 ugnatio

181 1221 248 1269 maen
267 1212 305 1259 sed
320 1214 386 1260 etism
398 1228 465 1273 quam
475 1212 523 1273 ipse
532 1210 614 1259 frustra
624 1212 723 1273 eamdem
737 1165 800 1261 dim
811 1230 851 1271 cor

181 1276 271 1328 tomam,
284 1278 311 1323 ab
321 1274 403 1323 Trebid
413 1278 485 1322 victor
496 1292 616 1337 regressus,
628 1274 742 1326 tentiones.

216 1339 271 1387 XL.
286 1339 404 1393 Consules,
416 1341 509 1387 diversis
517 1340 629 1387 itineribus
636 1338 729 1402 proiecti
740 1342 767 1389 ab
777 1340 849 1401 Urbe,

181 1404 244 1453 velut
254 1404 277 1449 in
289 1405 333 1452 duo
343 1406 424 1467 pariter
430 1405 488 1451 bella
495 1405 645 1452 distenderant
653 1421 716 1453 curas
724 1406 850 1475 bominum¹

183 1469 249 1520 simul
268 1470 437 1524 recordantium,
455 1485 510 1531 quas
528 1469 612 1531 primus
630 1469 740 1519 adventus
758 1468 852 1519 Hanni-

181 1534 238 1593 balis
247 1535 359 1581 intulisset
369 1533 441 1582 Italiae
451 1535 539 1593 clades3
557 1534 629 1588 simul,
647 1549 698 1581 cum
708 1535 746 1581 illa
756 1544 852 1598 angeret
921 1552 922 1571 i

183 1614 243 1653 ωτι,
263 1607 278 1629 “
289 1615 345 1659 quos
362 1607 408 1645 tam
423 1599 530 1660 propitios
548 1600 595 1645 urbi
611 1606 677 1659 atque
690 1599 784 1661 imperio
799 1598 851 1665 fore
921 1640 922 1667 ἶ

183 1662 257 1717 Deos,
274 1671 300 1709 ut
310 1664 387 1709 eodem
398 1671 498 1724 ternpore
512 1663 626 1725 utrobique
640 1679 675 1710 res
683 1664 772 1726 'publiea
786 1681 853 1729 pros·

182 1740 235 1788 pere
251 1727 385 1789 gereretur?
408 1728 490 1773 Adhuc
507 1728 599 1775 adversa
616 1728 717 1777 secundis
735 1730 851 1791 pensando
921 1730 922 1785 J

183 1807 232 1839 rem
245 1792 274 1838 ad
287 1791 311 1837 id
324 1799 412 1853 tempus
422 1799 544 1839 extraomm
556 1808 617 1839 esse:
637 1808 688 1839 cum
703 1794 726 1839 in
742 1792 808 1843 tostii
821 1796 852 1843 sd

183 1853 341 1903 Trasimenum
359 1863 382 1907 et
399 1855 490 1905 Cannas
508 1855 668 1937 praecipitisset
683 1856 789 1907 Romans
806 1874 851 1917 res,

122 1932 128 1952 ⁸
182 1935 289 1983 prospera
301 1921 395 1968 belisia
409 1920 520 1982 Hispania
533 1922 657 1984 prolapsam
672 1938 721 1969 eam
736 1925 850 1975 erexisses

183 1994 268 2047 postes,
292 1983 851 2049 cuminHispanidsliasupersliamclades,

183 2050 270 2097 duobus
287 2050 384 2112 egregiis
403 2051 494 2097 ducibus
510 2050 604 2105 amissis,
621 2052 677 2098 duos
692 2052 805 2101 exercitus
823 2068 854 2101 ex

182 2122 246 2175 parte
256 2112 358 2167 delesset,
371 2115 441 2161 multa
451 2114 548 2162 secunda
555 2115 579 2161 in
588 2114 653 2163 Inda
661 2114 779 2177 Sicilidque
785 2126 854 2180 gesta

183 2185 310 2238 quassatam
329 2179 485 2239 rempublicam
504 2180 632 2241 excepisse3
649 2188 673 2228 et
690 2182 763 2242 ipsum
781 2180 853 2231 inter-

182 2240 267 2292 vallum
284 2241 335 2300 loci,
352 2244 412 2302 quod
431 2244 453 2287 'm
470 2244 554 2289 ultimis
570 2254 678 2291 terrarum
695 2245 739 2292 oris
756 2246 853 2303 alterum

182 2305 266 2351 bellum
284 2313 406 2365 gereretur,
424 2308 520 2367 spatium
538 2307 624 2355 dedisse
642 2310 670 2356 sd
688 2308 850 2370 respirandum.

184 2366 254 2413 Nunc
269 2368 313 2413 duo
327 2369 384 2414 bella
399 2370 424 2415 in
439 2370 527 2418 Italiam
542 2380 639 2435 accepta,
656 2374 700 2421 duo
715 2370 853 2423 celeberrimi

183 2431 280 2486 nominis
290 2430 358 2477 duoes
365 2433 509 2481 circumstare
517 2436 593 2481 urbem
604 2436 738 2490 Romanam,
748 2444 771 2483 et
782 2454 854 2487 unum

183 2492 207 2538 io
226 2493 301 2545 locum
319 2500 390 2542 totam
408 2498 500 2557 periculi
519 2500 609 2555 molem,
626 2516 694 2549 omne
712 2516 770 2547 onus
789 2505 855 2549 incu-

182 2554 269 2603 buisse:
289 2557 328 2616 qui
344 2572 422 2605 eorum
438 2562 500 2622 prior
516 2564 614 2617 vicisset,
632 2565 690 2611 intra
706 2579 790 2626 paucos
808 2562 856 2615 dies

181 2624 255 2667 asan
265 2633 317 2667 cum
327 2621 397 2673 altero
402 2625 562 2685 junctorum·
586 2626 694 2677 Terrebat
704 2636 727 2677 et
735 2631 855 2695 proximus
