1850 2917
215 230 248 279 Τ.
262 230 351 281 LiVll
367 230 421 280 In
435 229 532 280 xxlv.
552 230 613 281 Cn.
626 234 651 281 ⁵.
756 235 773 281 7

107 360 164 424 rigni
185 360 316 409 difformes
337 377 351 409 s
372 362 459 409 caeteris
480 362 563 410 civibus
585 363 698 417 vidiment,
722 376 778 409 con-

28 456 29 481 ,
107 423 339 489 aperirepurpuram,
356 427 777 485 acdindemm‘cmtelliteaarmrtm

107 491 265 554 quadrigisque
280 492 347 537 etiam
363 492 462 538 alborum
485 507 592 553 equorum
612 492 724 539 interdum
746 506 777 539 ex

108 554 167 617 rgii
182 556 350 618 procedentem,
368 572 431 603 more
447 556 553 618 Dionysii
572 557 668 618 tyranni.
704 555 777 603 Hunc

108 626 152 665 tna
168 622 290 682 mperbrma
306 628 433 682 apparatum
455 622 597 683 habitumque
617 614 791 668 convenientes

109 687 256 745 sequebantur
278 692 404 732 contemtus
420 687 520 732 omnium
535 688 658 740 lominum,
677 687 778 747 superbe

111 762 177 803 tures,
195 750 359 796 contumeliosa
374 750 439 803 dictu,
464 751 507 797 rari
529 752 607 804 editus,
632 755 678 796 n'on
700 750 778 797 alienis

110 814 180 868 nodo,
204 815 246 861 sed
266 815 376 860 tutoribus
398 816 472 868 etiarn,
496 815 597 862 libidines
616 830 690 868 norae,
710 815 779 861 inhu-

28 892 30 909 *
110 892 172 926 mann
188 878 316 925 crudelitas.
351 878 517 941 Itaquetsntua
533 895 611 926 omnes
625 887 698 926 terror
713 880 778 927 invn-

28 944 29 959 *
111 951 173 997 arnt,
191 951 218 991 ut
234 943 323 1005 quidam
340 958 369 989 ex
384 945 500 997 tutoribus,
518 952 557 990 aut
570 951 643 990 morte
652 941 778 991 voluntarii

111 1016 146 1054 aut
160 1006 224 1071 fugi,
242 1014 402 1069 praevertsrent
417 1016 503 1055 metum
519 1009 683 1071 suppliciomm.
717 1008 778 1055 Tres

112 1086 139 1121 ex
159 1073 194 1126 iis,
221 1073 302 1133 qussrus
325 1072 377 1119 solis
398 1074 471 1119 aditus
492 1074 515 1119 in
539 1074 630 1119 domum
650 1073 779 1121 familiarior

28 1142 29 1163 l
112 1143 162 1190 ent,
177 1137 354 1183 Andranodorur
367 1145 389 1183 et
403 1137 510 1199 Zoippus,
527 1140 603 1201 generi
622 1136 736 1190 Hieronis,
754 1144 779 1183 et

28 1228 29 1239 κ
113 1198 197 1248 Thraso
214 1201 310 1262 quidam,
328 1201 356 1248 de
371 1202 419 1249 aliis
437 1203 526 1263 quidem
547 1204 612 1249 rebus
633 1203 692 1249 haud
712 1218 778 1263 mag-

28 1266 31 1449 ,
113 1280 191 1329 uoperc
207 1267 365 1313 audiebantur:
391 1266 502 1313 tendendo
522 1274 596 1314 sutem
611 1267 657 1313 duo
672 1267 701 1314 td
719 1265 778 1315 cn-

112 1330 267 1393 uaginenses,
285 1330 372 1377 'l'hraao
388 1331 416 1377 ad
432 1332 560 1378 societatem
575 1331 711 1385 Romanam,
728 1346 777 1378 cer-

113 1397 193 1443 tamine
208 1410 240 1441 ac
252 1394 330 1441 studiis
345 1396 455 1443 interdum
471 1396 495 1440 ia
511 1411 536 1441 se
551 1397 710 1443 convertebant
728 1396 776 1442 ani·

112 1474 170 1506 mum
181 1460 343 1506 adolescentis:
362 1476 413 1507 cum
424 1454 554 1523 conjuratio,
571 1461 594 1506 in
611 1462 699 1522 tyranni
709 1467 777 1522 ceput

110 1523 173 1577 fama,
199 1524 310 1571 indicatur
332 1540 372 1587 per
394 1525 494 1571 calonem
517 1526 643 1585 quemdam,
667 1526 776 1586 aequalem

96 1587 255 1649 ,Hieronymi
273 1596 296 1635 et
308 1591 357 1651 Jarn
373 1590 560 1651 indeapueroin
573 1590 648 1637 omnin
662 1589 778 1636 familiaria

28 1672 29 1725 y
105 1654 157 1717 jrrrs
166 1661 288 1701 assuetum.
324 1652 396 1701 Index
411 1669 482 1699 unum
497 1669 527 1701 ex
541 1655 660 1716 conjuratis
670 1654 777 1701 Theodo-

28 1730 29 1775 1
110 1726 165 1772 tum,
183 1734 257 1779 aquo
273 1719 456 1781 ipserppellatus
475 1727 529 1773 erat,
553 1719 667 1766 nominare
688 1718 777 1782 potuit3

109 1784 146 1844 qui
168 1784 341 1845 comprehensus
361 1784 481 1845 extemplo,
505 1784 641 1844 traditusque
657 1784 778 1831 Andrnno-

108 1848 163 1894 doro
178 1848 325 1908 torquendus,
343 1848 370 1895 de
386 1863 410 1894 se
425 1849 473 1909 ipse
488 1849 546 1895 haud
556 1855 686 1895 cunctanter
695 1848 777 1901 lassus,

109 1915 212 1959 conscios
234 1913 325 1960 celebrat.
369 1911 494 1966 Postremo,
512 1928 563 1959 cum
579 1913 681 1959 omnmus
696 1913 778 1959 intole-

30 2021 33 2038 „
109 1978 183 2024 modis
206 1978 320 2039 panentae
346 1978 449 2025 humanu>
478 1978 610 2024 cruciatrluus
636 1978 777 2030 laceraretur,

107 2043 194 2089 rictum
205 2042 269 2089 malis
286 2058 310 2089 se
328 2042 439 2096 simulans,
458 2043 538 2089 avertit
557 2044 584 2088 ab
599 2041 693 2088 consciis
708 2040 732 2086 in
743 2040 779 2086 la·

28 2118 29 2141 1
108 2115 185 2154 sontes
203 2106 310 2153 indicium
328 2106 478 2170 (Thrasonem
497 2123 546 2153 esse
560 2110 673 2153 auctorem
691 2105 777 2153 consilii

28 2200 29 2203 =
108 2172 224 2225 mentitus,
243 2186 292 2225 nec,
310 2172 353 2217 nisi
371 2179 417 2219 tum
431 2174 516 2233 potenti
532 2172 589 2218 duce
608 2170 710 2225 confisos,
728 2184 777 2215 rem

107 2244 195 2283 tantum
213 2234 318 2297 ausuros)
329 2237 365 2296 ab
384 2236 453 2283 latere
471 2238 567 2297 tyranni,
589 2251 684 2296 quorum
706 2235 778 2312 cupita

108 2302 217 2348 vilissime
226 2300 320 2363 fingenti
330 2302 387 2347 inter
399 2301 486 2348 dolores
496 2302 636 2363 gemitusque
651 2314 774 2346 occurrere·

109 2364 215 2413 Maxime
225 2366 300 2413 auimo
310 2366 399 2427 tyranni
410 2364 511 2412 credibile
520 2366 626 2412 indicium
636 2363 724 2411 Thraso
735 2378 783 2419 no·¹

108 2430 208 2483 minatus
223 2428 283 2477 fecit.
318 2429 399 2491 Itaque
414 2431 525 2492 extemplo
541 2430 635 2477 traditur
650 2428 678 2475 nd
694 2426 777 2539 rugoli·

62 2516 66 2537 a
108 2495 186 2551 cium;
203 2494 326 2557 adjectique
335 2510 409 2557 poeuae
420 2496 496 2541 caeteri
502 2497 570 2557 juxta
576 2494 683 2539 insontes.
735 2503 778 2536 on-

107 2560 207 2606 sciorum
223 2574 297 2613 nemo,
315 2574 366 2606 cum
383 2560 420 2605 diu
436 2560 510 2605 socius
528 2558 614 2604 consflii
629 2560 776 2615 torqueretur,

107 2630 149 2671 snt
165 2622 236 2679 lntuit,
254 2632 292 2672 sut
307 2623 381 2685 fugit:
399 2631 487 2684 tantum
503 2624 546 2669 illis
560 2623 585 2667 in
600 2620 683 2666 virtute
696 2632 722 2663 ac
734 2614 780 2659 tide

108 2686 223 2735 'l‘heodoti
244 2688 332 2736 fiduciae
356 2688 414 2735 fuit:
445 2694 578 2749 tantumque
598 2681 641 2746 ipsi
661 2678 781 2728 ‘lueoduo

108 2752 323 2803 viriumadnrcnne
336 2751 473 2801 occttltandt.
795 2790 898 2849 ‘i
