1850 2917
165 171 221 264 ³⁶6⁸
288 175 317 226 Τ.
330 176 420 228 Lrvrr
435 179 488 228 Lm.
502 178 587 228 XXX.
606 176 666 230 cn.
679 181 703 227 7.

169 303 247 352 urbem
256 308 380 369 proximam
391 310 496 372 petierat3
514 325 585 371 eoque
600 324 685 362 omnes,
700 308 739 368 qui
758 321 836 370 super-

169 377 240 423 erfflth
252 374 346 436 vestigia
357 375 418 420 ducis
429 383 552 435 sequentes,
566 391 590 420 se
600 373 754 420 contulerant:
773 379 840 418 metat

169 431 255 489 deinde,
273 451 303 484 ne
317 439 432 485 dederetur
447 439 551 500 Scipioni,
569 439 622 484 urbe
636 437 740 483 excessit.
775 436 835 482 Mox

169 497 256 553 eodem,
267 503 391 564 patentibus
401 503 478 564 portis,
490 501 588 550 Romani
598 502 696 563 accepti:
717 516 760 546 nec
774 499 839 560 quid·

170 575 238 622 quam
246 565 333 620 hostile,
343 567 393 628 quia
400 566 515 614 voluntate
525 573 679 613 concesserant
686 566 711 610 in
721 565 836 618 ditionem,

169 623 263 675 factum.
297 629 359 677 Duae
374 631 466 678 subinde
479 633 544 677 urbes
559 638 630 692 captae
644 630 796 691 direptaeque:
813 643 839 675 es

169 691 253 753 praeda,
266 699 289 739 et
299 709 349 754 quae
360 695 437 741 castris
451 709 481 742 ex
494 695 590 740 incensis
604 702 627 740 et
640 695 694 755 igne
708 700 773 754 rapta
783 700 841 746 erat,

172 755 239 802 militi
250 771 355 808 concessa
365 765 405 806 est.
418 797 421 806 .
431 759 529 820 Syphax,
541 766 593 804 octo
603 757 696 803 millium
705 756 778 807 ferme
787 757 847 805 inde.

171 819 253 882 spatio,
264 821 314 868 loco
323 821 460 868 communito
471 823 577 869 consedit
603 819 732 867 Hasdrubal
743 819 849 873 Cartha-.-

171 883 250 948 glnem
260 887 380 940 contendit,
393 901 421 932 ne
432 886 485 947 quid
494 879 533 948 per
543 893 627 932 metum
638 899 667 931 ex
681 885 768 932 recenti
779 885 841 932 clade
917 878 918 903 ³

172 948 264 995 mollius
274 951 437 996 consuleretur:
457 966 501 1011 quo
512 958 588 997 tantus
597 951 668 1012 primo
678 956 752 995 terror
763 956 800 996 est
809 951 850 996 alm
917 962 918 983 t

172 1008 242 1066 latus,
259 1020 291 1067 nt,
310 1011 391 1060 omissi
406 1013 481 1067 Utici,
500 1012 658 1076 Carthaginem
673 1015 792 1060 crederent
802 1029 841 1060 ex-
917 1004 918 1021 ³

172 1077 259 1140 templo
271 1077 397 1140 Scipionem
408 1079 554 1124 obsessurum.
591 1079 697 1132 Senatum
707 1079 785 1138 itaque
797 1077 843 1125 nri·

174 1139 232 1189 letes
248 1143 318 1206 (quod
332 1143 393 1189 velut
407 1144 522 1189 consulare
536 1142 651 1204 imperium
662 1143 720 1203 apud
731 1157 772 1188 eos
783 1141 842 1202 erat)

175 1214 321 1253 vocaverunt.
356 1205 390 1253 lbi
400 1223 420 1268 'e
437 1207 506 1253 trihus
523 1207 579 1270 (una
595 1207 623 1252 de
638 1221 693 1268 pace
709 1206 843 1268 legatos-ad

176 1267 305 1332 Scipionem
322 1271 465 1328 decernebat;
482 1272 550 1318 altera
565 1269 715 1317 Hannibalem
732 1271 762 1317 ad
777 1278 844 1318 tuen-

177 1333 229 1397 dam
241 1335 268 1380 ab
278 1335 381 1382 exitiabili
390 1336 448 1382 bello
457 1336 554 1398 patriam
568 1337 698 1391 revocabat3
716 1335 785 1381 tertia
794 1335 845 1382 Ro·

176 1411 252 1446 rnanae
262 1399 286 1444 in
296 1399 393 1446 adversis
403 1401 469 1446 rebus
482 1399 612 1445 constantiae
622 1406 684 1455 erat;
695 1399 845 1460 reparandum

177 1464 309 1517 exercitum,
323 1464 490 1526 Syphacemque
499 1463 638 1516 hortandum,
656 1478 686 1508 ue
700 1464 761 1509 bello
776 1465 846 1510 absis-

176 1533 243 1582 teret,
260 1525 372 1587 censebat)
386 1529 436 1573 haec
451 1528 566 1581 sententia,
584 1528 636 1588 quia
647 1525 778 1574 Hasdrubal
787 1543 846 1589 prae-

178 1607 232 1640 sens
251 1591 398 1652 Barcinaeque
413 1607 492 1638 omnes
507 1591 610 1638 factionis
627 1591 708 1641 belhun
726 1592 846 1646 malebant,
917 1610 918 1619 ¹

178 1657 241 1703 vicit
276 1655 332 1702 Inde
343 1656 440 1702 delectus
450 1657 474 1702 in
484 1657 538 1703 urbe
548 1657 651 1717 agrisque
659 1656 735 1702 haberi
748 1664 845 1718 coepbtrs,

179 1727 204 1768 et
219 1721 246 1768 ad
264 1720 387 1782 Syphacem
404 1720 473 1782 legati
489 1720 558 1773 missi,
574 1718 660 1766 summi
675 1735 717 1781 ope
731 1727 756 1766 et
771 1721 847 1782 ipsum

178 1791 318 1847 reparantem
333 1785 429 1842 hellum3
449 1799 500 1831 cum
518 1800 583 1838 uxor,
602 1799 648 1830 nou
662 1785 718 1846 jam,
738 1792 768 1831 ut
786 1793 845 1840 ante,

179 1849 297 1904 blanditiis,
315 1849 368 1896 satis
384 1849 510 1911 potentibus
527 1850 555 1895 ad
571 1849 667 1895 animum
684 1850 790 1903 amantia,
808 1850 847 1897 sed

179 1917 282 1980 precibus
293 1922 316 1962 et
329 1911 479 1960 misericordid
491 1913 603 1966 valuisset,
618 1913 682 1974 plena
694 1913 847 1974 lacrymarum

178 1981 301 2032 obtestans,
320 1993 349 2024 ne
362 1985 448 2040 patrem
459 1993 523 2028 suum
533 1978 669 2038 patriamque
678 1977 791 2038 proderet,
809 1979 848 2025 iis·

181 2045 276 2105 demque
289 2043 385 2090 naumis
397 2040 563 2103 Carthaginem,
582 2042 660 2101 quibus
674 2049 748 2088 casua
761 2042 849 2089 confla·

148 2106 149 2109 ’
180 2106 291 2170 grissent,
310 2107 394 2154 absumi
411 2107 498 2152 sineret
515 2119 519 2122 ·
534 2105 601 2166 Spem
617 2119 705 2166 quoque
721 2114 849 2168 opportune

176 2172 277 2219 'oblatam
295 2169 413 2218 afferebant
426 2170 507 2230 legati:
527 2176 622 2229 quatuor
637 2169 706 2215 millia
721 2168 849 2218 Celtibero·

179 2250 232 2284 rum
247 2237 305 2282 circa
319 2235 395 2280 urbem
409 2235 500 2279 nomine
510 2232 605 2287 Abham,
623 2234 650 2280 eh
662 2235 849 2294 conquisitoribus
917 2250 918 2273 r

178 2301 228 2349 suis
247 2298 355 2346 conducta
371 2297 394 2342 in
410 2296 527 2360 Hispanii,
547 2297 644 2359 egregie
655 2298 791 2359 juventutis,
808 2299 850 2345 sihi

180 2365 319 2418 occurrisse;
336 2367 359 2406 et
370 2359 533 2408 Hasdrubalem
549 2377 590 2422 pro
633 2361 692 2408 dien
709 2360 779 2408 affore
796 2377 848 2411 carm
917 2368 918 2423 ᾗ

178 2441 250 2476 manu
266 2421 432 2484 haudquiquam
450 2433 584 2488 contemnen
601 2424 619 2470 ⁴.
653 2423 792 2486 Igiturnon
808 2428 847 2474 be-

178 2492 250 2552 nigne
260 2488 327 2534 modo
336 2487 416 2549 legatis
427 2490 547 2550 respondit,
559 2491 597 2536 sed
606 2490 702 2536 ostendit
709 2491 777 2537 ctiam
788 2491 847 2538 musl-

176 2553 296 2604 titudinem
306 2553 427 2612 agrestium
438 2553 595 2607 Numidarum,
613 2554 692 2614 quibus
705 2569 746 2616 per
755 2555 848 2602 m
917 2566 918 2585 r

176 2618 226 2670 dies
241 2629 302 2662 artua
317 2631 429 2679 equosque
443 2617 546 2672 dedisset,
563 2625 588 2665 et
601 2633 689 2671 omnem
701 2619 846 2680 juventutem
917 2604 918 2643 i

177 2683 275 2734 affimat
289 2680 412 2732 exnnrm
429 2695 459 2730 ex
475 2696 561 2745 regno:
582 2681 782 2738 “sdreinoeruho,
795 2697 859 2765 non.
