1850 2917
176 134 207 195 ³78
291 142 321 190 T.
336 140 424 192 LIVII
441 142 494 192 Lm.
508 144 592 192 XXV.
612 142 672 194 Cur.
687 146 725 193 15.

178 274 281 328 militum,
292 289 348 336 quos
356 290 479 338 perpaucos
487 277 587 329 habebut,
595 273 683 329 fiducid,
692 290 759 336 quam
765 269 853 339 juveu-

178 342 232 387 tutis
243 339 365 387 Thurinae:
385 356 434 387 eum
445 356 475 387 ex
484 339 593 387 industrii
602 342 765 387 centuriaverat
777 358 853 391 mms-

178 412 285 466 veratque
296 405 324 451 sd
334 407 389 452 tales
400 421 471 451 casus.
500 406 587 452 Divisis
595 406 664 467 copiis
671 405 729 451 iuter
738 422 769 460 se,
782 408 854 455 duces

179 470 248 518 Poeui
258 486 310 517 curn
322 484 401 532 sgnum
412 470 539 516 Thurinum
553 470 649 533 ingressi
663 477 745 523 essent,
762 470 853 519 Hanno

179 551 231 583 cum
242 536 341 598 pediturn
352 536 442 597 agmine
452 536 539 581 infestis
550 535 620 597 signis
630 536 663 581 ire
673 535 701 581 sd
711 537 789 582 urbem
800 553 853 599 per-

178 602 220 663 git.
248 600 321 662 Mago
330 600 497 660 cum‘oquitatu,
509 608 582 647 tectus
592 600 692 653 collibus,
704 600 732 645 ad
742 603 855 663 tegendas

177 665 268 712 insidias
280 665 393 727 oppositis,
406 666 511 711 subsistit.
541 665 640 718 Atinius,
651 665 752 726 peditum
763 674 854 713 tautum

178 731 269 793 agmine
284 745 324 791 per
340 730 492 791 exploratores
507 737 629 791 comperto,
649 730 673 775 in
689 730 759 775 aciem
776 733 854 793 copias

179 796 259 849 educit,
282 802 304 841 et
322 794 405 841 fraudis
423 795 543 847 intestinae,
563 803 587 841 et
604 795 702 840 hostium
720 794 853 843 insidiarum

176 861 277 923 ignarus.
314 858 420 906 Pedestre
435 860 538 922 proelium
552 859 595 906 fuit
605 874 721 921 persegne,
738 862 818 921 paucis
829 863 855 907 in

178 923 250 987 primi
265 924 312 971 acie
326 926 477 987 pugnantibus
491 924 615 981 Romanis3
635 924 742 970 Thurinis
757 940 856 987 exspec-

179 990 277 1036 tantibus
288 990 367 1051 magis,
381 1004 446 1050 quam
455 990 615 1051 adjuvantibus,
627 996 745 1035 eventum:
762 997 786 1036 et
795 990 857 1039 Car.

179 1054 353 1116 thaginiensium
365 1056 423 1101 scies
437 1054 465 1101 de
479 1053 587 1101 industrii
600 1054 679 1115 pedem
693 1053 813 1110 referebat,
829 1065 857 1103 ut

179 1119 208 1165 ad
218 1130 282 1181 terga
293 1118 355 1165 collis
370 1120 397 1165 ab
411 1120 484 1179 equite
498 1135 538 1165 suo
548 1119 627 1166 insessi
638 1120 725 1165 hostem
735 1119 856 1168 incautum

178 1186 322 1247 pertraheret.
351 1182 404 1237 Quo
412 1185 450 1229 ubi
458 1192 550 1230 ventum
561 1192 602 1238 est,
615 1184 685 1230 coorti
694 1199 745 1230 cum
753 1185 858 1234 clamore

173 1249 273 1309 equites,
285 1264 378 1310 propere
388 1249 524 1296 inconditam
534 1248 686 1295 'lhurinorum
698 1250 793 1304 turbam,
811 1266 857 1299 nec

180 1314 234 1360 satis
249 1313 294 1359 fido
309 1314 390 1367 snimo,
406 1314 466 1361 uude
479 1315 600 1376 pugnabat,
618 1321 720 1368 stantem,
737 1318 857 1379 extempio

179 1379 203 1424 iu
219 1377 297 1440 fugam
313 1386 448 1425 averterunt.
484 1378 590 1432 Romani,
607 1394 740 1440 quamquam
754 1380 859 1428 circum-

180 1450 262 1507 ventos
278 1443 329 1489 hinc
345 1444 419 1506 pedes,
440 1446 493 1490 hinc
511 1460 579 1505 eques
598 1444 697 1506 urgebat,
717 1451 795 1490 tomen
814 1448 859 1493 ali.

176 1508 285 1571 'quamdiu
303 1524 403 1571 pugnam
422 1506 525 1555 truxdre:
552 1516 666 1571 postremo
685 1516 708 1556 et
725 1509 768 1570 ipsi
788 1516 859 1575 terga

179 1580 278 1630 vertunt,
291 1582 357 1635 atque
368 1574 395 1620 ad
407 1575 483 1620 urbem
493 1574 591 1637 lugiunt.
619 1573 653 1620 Ibi
664 1573 788 1635 proditores
797 1590 858 1623 con-

179 1639 270 1701 globati,
287 1653 338 1685 cum
352 1639 492 1700 popularium
505 1640 722 1701 agmen'pstentibus
732 1641 804 1700 portis
817 1657 860 1688 ac-

179 1703 297 1765 cepissent,
310 1704 347 1749 ubi
358 1704 475 1750 Romanos
485 1703 548 1750 fusos
558 1704 586 1750 sd
594 1705 670 1750 urbem
678 1703 730 1750 ferri
738 1704 857 1762 viderunt,

180 1768 327 1821 conclament,
344 1768 426 1815 instare
441 1768 546 1822 Poenum,
562 1770 729 1830 permixtosque
741 1777 764 1815 et
775 1771 859 1819 hostes

178 1834 256 1880 urbem
267 1832 391 1887 invasuros,
404 1834 426 1879 ni
437 1849 531 1895 propere
540 1834 735 1895 portssclaudunt.
763 1832 802 1881 Its
811 1852 858 1883 ex-
920 1889 921 1892 Ἴ

179 1899 254 1945 clusos
268 1897 386 1945 Romanos
398 1896 514 1959 praebudre
524 1900 582 1945 hosti
593 1900 621 1945 ad
632 1898 723 1946 caedem.
758 1900 857 1949 Atinius

178 1971 254 2011 temen
271 1978 321 2009 cum
337 1964 412 2025 paucis
427 1971 536 2025 receptus.
572 1964 657 2010 Seditio
672 1964 724 2010 inde
739 1964 856 2027 paulisper

179 2028 264 2085 tenuit;
280 2044 330 2074 curn
339 2029 375 2075 alii
381 2030 459 2075 urbem
468 2029 580 2081 tuendam,
594 2026 667 2092 [inde]
679 2029 716 2074 alii
726 2028 855 2078 cedendum
920 2025 921 2038 ¹

177 2092 283 2146 fortunae,
304 2099 327 2138 et
346 2090 474 2139 trudendam
494 2095 569 2139 urbem
588 2094 708 2140 victoribus
724 2103 864 2142 censerent*

181 2154 304 2211 Caeterum,
327 2166 352 2203 ut
371 2159 507 2219 plerumque,
530 2158 621 2205 fortuna
638 2166 661 2204 et
680 2158 771 2205 consiliu
792 2162 856 2209 mule
920 2171 921 2176 ’

178 2222 292 2268 vicerunt:
311 2221 390 2269 Atinio
401 2238 451 2269 cum
465 2224 510 2269 suis
521 2224 549 2269 sd
559 2225 620 2270 mure
631 2239 657 2269 sc
666 2238 735 2270 naves
746 2224 853 2281 deducto,
920 2269 921 2272 ,

179 2286 252 2347 magis
263 2286 315 2346 quia
326 2287 375 2347 ipsi,
394 2289 422 2333 ob
436 2288 553 2349 imperium
568 2288 591 2333 in
608 2304 632 2335 se
646 2289 701 2333 mite
715 2304 742 2334 ac
752 2289 853 2351 justum,
920 2279 922 2308 ²

179 2351 307 2397 consultum
315 2351 425 2405 volebs'nt,
435 2368 502 2412 quam
511 2360 611 2414 respectu
619 2352 783 2405 Romsnorum,
794 2352 856 2401 Car·
920 2397 921 2404 ,

178 2416 331 2475 thsginienses
344 2416 367 2461 in
382 2418 458 2463 urbem
475 2418 592 2479 accipiunt.
629 2416 741 2466 Consules
751 2434 765 2464 a
775 2417 854 2467 Beue-
920 2416 922 2422 ’

177 2486 247 2525 vento
258 2479 281 2524 iu
294 2478 434 2541 Campanum
446 2496 526 2543 ugrum
541 2483 642 2543 legiones
656 2483 747 2535 ducunt,
764 2497 811 2528 uon
823 2486 855 2532 sd
920 2477 922 2503 l

178 2543 292 2590 frumenta
302 2545 377 2597 modo,
394 2560 445 2605 quae
456 2549 505 2608 Jsm
515 2548 539 2592 in
553 2548 649 2593 hibernis
663 2554 734 2601 erant,
749 2562 854 2595 corrum-
920 2539 921 2550 ¹

178 2606 257 2669 pendo,
279 2608 318 2653 sed
337 2609 364 2655 ed
383 2608 484 2671 Capuam
501 2612 687 2673 oppugnandum
711 2612 808 2668 nobilem
827 2629 856 2661 se

179 2672 319 2721 consulatum
330 2680 376 2722 tam
388 2676 501 2737 opulentae
511 2677 571 2725 urbis
581 2676 679 2725 exscidio
690 2677 731 2724 rati
743 2676 853 2733 facturos,
