1850 2917
180 138 230 191 264
276 134 307 185 Τ.
319 135 408 185 LIVII
424 136 477 186 Lm.
492 133 620 186 XXVIII.
639 132 700 184 css.
713 136 752 181 143

178 264 256 313 asbus:
275 267 334 322 dein,
351 278 468 331 postquam
487 268 558 317 acrius
576 266 659 314 ultimis
676 263 788 311 incidebat
802 261 851 310 Ro·

178 344 266 387 mnus,
288 348 361 394 neque
379 335 484 381 sustineri
502 335 597 395 impetus
616 337 710 393 poterat,
732 330 790 375 nihil
804 329 852 389 jam

139 415 143 422 ¹
179 395 282 442 ordinum
293 414 410 453 memores,
419 401 509 462 passim,
522 396 566 459 qui
574 398 653 457 cuique
660 394 791 457 proximum
801 393 850 446 fuit,

178 458 203 505 in
213 458 291 524 fugam
305 462 456 511 effunduntur.
492 464 526 509 Et
536 477 669 524 quamquam
681 476 709 507 eo
719 459 803 521 proelio
813 458 852 504 ali-

178 534 287 585 quantum
298 535 321 573 et
331 528 441 576 Romanis
451 530 510 575 aucti
522 534 545 574 et
555 527 663 573 deminuti
673 525 776 571 hostibus
784 523 851 569 enimi

177 597 249 644 crant,
273 599 348 638 tamen
363 608 478 654 nunquam
494 593 578 653 aliquot
595 592 739 650 insequentes
758 589 807 635 dies
825 589 851 635 ab

172 657 345 703 'excursionibus
363 659 465 719 equitum
482 657 581 718 levisque
600 662 719 703 armaturae
738 660 850 701 cessatum

211 784 282 832 XIV.
303 785 349 833 Ubi
366 786 420 832 satis
435 793 528 835 tentatae
541 802 582 849 per
595 787 645 833 baec
654 786 713 832 levia
726 783 851 831 certamina

177 848 237 896 vires
247 858 307 904 sunt,
324 852 385 913 pn'or
400 850 529 898 Hasdrubal
542 853 565 898 in
580 852 650 898 aciem
664 850 740 911 copias
755 850 862 895 munte«

177 913 257 961 deinde
268 923 290 962 et
302 914 400 962 Romani
414 914 556 978 processdre:
576 916 615 963 sed
629 922 722 975 utraque
736 915 797 960 acies
808 928 849 974 pro

163 1042 165 1046 .
176 978 237 1025 vallo
244 981 306 1027 stetit
316 980 437 1027 instructa:
457 989 480 1027 et
491 996 542 1028 eum
553 982 580 1027 ab
591 981 675 1027 neutris
684 993 764 1041 pugna
773 984 849 1039 eoepta

175 1050 243 1096 w»
256 1046 305 1107 jam
319 1044 394 1092 dicad
408 1061 512 1094 occasum
523 1045 649 1097 inclinante,
667 1043 766 1091 aPoeno
777 1043 847 1105 prius,

176 1106 258 1155 deinde
271 1110 298 1155 ab
313 1109 425 1165 Romano,
443 1112 467 1157 iu
482 1118 554 1158 castra
569 1111 639 1172 copiae
649 1109 765 1155 reductae.'
792 1106 849 1154 Hoc

177 1170 235 1219 idem
249 1189 290 1235 per
306 1175 352 1221 dies
368 1176 451 1237 aliquot
465 1174 563 1223 factum:
581 1176 643 1237 prior
657 1188 744 1235 setnper
759 1172 848 1220 Poenus

176 1237 252 1298 oopina
269 1240 346 1285 castris
362 1241 482 1287 educebat:
501 1241 561 1303 prior
576 1240 642 1287 fessis
658 1238 737 1285 eundo
755 1238 847 1298 Qum

176 1302 274 1362 receptui
288 1304 366 1351 dabat:
385 1306 413 1351 ab
427 1304 507 1352 neutri
518 1313 580 1367 parte
590 1318 729 1366 procursum,
746 1302 848 1348 telumve

176 1365 277 1420 misum,
289 1376 328 1414 aut
338 1384 383 1415 vox
395 1370 439 1416 nlla
450 1378 505 1417 orta.
541 1370 642 1417 Mediam
652 1369 723 1415 aciem
734 1366 787 1413 binc
796 1366 847 1413 Ro-

136 1476 140 1483 .
174 1430 243 1485 mani,
259 1432 321 1479 illinc
332 1432 530 1495 Carthaginienses
540 1434 605 1480 mixti
613 1433 683 1486 Afris,
696 1446 781 1479 cornua
792 1432 847 1478 socii

175 1496 293 1544 tenebant:
313 1508 376 1545 erant
394 1506 469 1545 autem
489 1499 599 1560 utrimque
618 1497 716 1559 Hispani
734 1512 777 1559 pro
796 1511 847 1543 eor·

174 1560 253 1609 nibus:
266 1570 319 1610 ante
330 1563 438 1610 Punicam
446 1563 516 1611 aciem
524 1564 634 1625 elephanti
643 1562 786 1609 castellorum
794 1578 846 1624 pro-

175 1626 213 1676 cul
223 1629 318 1688 speciem
332 1630 467 1691 prebebant.
501 1627 553 1677 Jam
568 1630 612 1674 boc
621 1629 645 1674 in
656 1628 756 1687 utrisque
767 1627 846 1675 castris

174 1693 284 1737 sermonis
293 1702 348 1747 erat,
359 1695 398 1747 ita,
410 1701 436 1740 ut
445 1694 548 1740 instructi
556 1693 676 1747 stetissent,
687 1700 844 1754 pugnaturos:
923 1688 924 1733 ξ

173 1754 259 1811 andins
268 1757 328 1804 acies
338 1758 469 1805 Romanum
485 1757 633 1819 Poenumque,
651 1772 707 1818 quos
721 1757 782 1803 inter
795 1756 846 1803 belli

174 1832 241 1867 causa
254 1830 320 1876 esset,
337 1824 385 1886 peri
396 1825 476 1870 robore
486 1823 610 1869 animorum
621 1836 780 1881 armorumque
791 1836 845 1867 con·

174 1899 286 1933 cursuros.
322 1888 398 1950 Scipio
411 1889 448 1935 ubi
463 1889 513 1935 haec
527 1888 636 1937 obstinate
650 1886 733 1933 credita
743 1886 845 1933 animad-

173 1951 247 2005 vertit,
266 1955 341 2002 omnia
354 1952 383 2000 de
396 1952 506 2000 industrii
520 1954 543 1999 in
554 1968 605 1999 eum
616 1952 682 2004 diem,
699 1966 745 2012 quo
757 1966 846 2013 pugna-

172 2021 237 2063 turus
255 2025 310 2072 erat
333 2018 435 2066 mumvit.
469 2016 694 2079 Tcsseramvesperi
712 2032 753 2077 per
773 2024 846 2069 casm

173 2078 241 2136 dedit,
258 2089 284 2129 ut
302 2091 355 2131 ante
369 2084 443 2131 lucem
462 2085 505 2131 viri
524 2084 618 2145 equique
636 2081 706 2128 curati
725 2088 749 2127 et
768 2080 843 2143 pransi
922 2088 923 2109 l

172 2153 261 2194 amnt:
280 2156 379 2195 armatus
394 2164 462 2209 eques
476 2148 574 2195 frenatos
588 2149 739 2205 instratosque
755 2151 844 2193 teneret

171 2224 249 2271 equos.
284 2212 386 2259 Vixdum
400 2214 454 2259 satis
469 2212 530 2261 certi
543 2214 599 2266 luce,
617 2212 739 2273 equitatum
750 2224 843 2257 omnem

172 2288 225 2323 cum
232 2276 277 2323 levi
288 2275 400 2325 amaturi
409 2279 433 2324 in
443 2278 550 2327 minues
562 2276 659 2323 Punicas
669 2274 775 2323 immisit:
790 2275 843 2326 inde

172 2339 290 2388 confestim
300 2342 349 2403 ipse
359 2357 410 2389 cum
424 2344 489 2405 gravi
500 2343 589 2406 agmine
603 2342 717 2403 legionum
731 2339 841 2402 procedit,

171 2405 844 2527 mooffiqpagfflnfflffitpoffisqqmffi

170 2533 241 2580 aciem
258 2537 362 2599 nespas.
398 2537 533 2593 naman,
551 2538 648 2587 eumne
664 2536 765 2599 qnam
779 2535 843 2589 exea
921 2520 922 2594 l

171 2604 238 2652 tatus,
256 2608 282 2647 ut
291 2615 321 2649 ex
331 2602 472 2651 tabernam
482 2604 601 2667 prosiluit,
609 2602 774 2662 tumultumque
789 2606 844 2657 ante

148 2733 153 2743 ι
171 2660 254 2711 sellun
268 2673 292 2714 et
305 2668 475 2733 trepidatione
490 2684 589 2727 tuorum,
607 2672 630 2718 et
644 2666 799 2737 ρςοςῡίιὶεῠῑ
808 2664 843 2721 lt:
