1850 2917
175 146 226 191 ³0⁴
271 141 304 191 Τ.
317 139 407 189 LIVII
422 141 477 189 Lm.
490 138 615 188 xxvnt
634 138 695 189 eu.
706 143 748 187 44:

175 284 250 331 quam,
265 269 406 333 Scipiombus
417 269 504 325 occisis,
518 270 542 316 in
558 268 690 332 Hispaniam
704 269 848 333 trejiceremi

175 351 218 383 nec
232 335 319 383 felicius
331 336 486 397 Xanthippum
496 334 691 385 Laeedemonium
704 333 847 397 Carthagini,

177 416 244 461 quam
255 416 292 449 me
302 403 380 463 patriae
396 416 454 447 meae
471 401 565 447 sinerem
581 407 659 447 natum
675 415 740 456 esse3
759 414 848 447 cresce-

176 472 255 527 retque
265 467 319 512 mibi
330 480 359 512 ex
366 481 394 512 eo
405 466 453 527 ipso
463 464 550 519 fiducia,
562 465 621 525 quod
631 465 702 525 possit
712 466 735 509 in
747 465 846 511 hominis

176 532 243 577 unius
253 532 337 578 uirmte
346 538 433 577 tanturn
444 530 552 577 momenti
563 545 620 577 esse.
648 526 682 575 A't
692 530 760 576 etiam
772 528 846 575 Athe.

177 596 267 642 nienses
288 596 389 642 audiendi
409 602 468 648 sunt,
489 602 573 643 temere
591 596 614 640 in
634 594 737 647 Siciliam,
760 596 845 641 omisso

176 660 237 706 dorni
247 660 313 714 bello,
323 661 462 723 transgressi.
500 658 548 708 Cur
558 670 620 721 ergo,
633 659 737 718 quonism
750 659 847 706 Grseoas

175 724 261 773 fabulas
273 740 375 772 enarrare
385 733 457 779 vacat,
475 739 521 770 non
532 722 685 785 Agathoclem
699 724 781 784 potius,
800 724 847 783 Sy·

177 804 309 837 racusanum
321 805 404 851 regem,
417 804 469 836 cum
484 790 522 835 diu
537 789 611 837 Sicilia
626 787 713 834 Punico
723 788 783 835 bello
793 804 847 834 ure-

176 861 245 909 retur,
258 863 421 917 transgressum
436 855 459 900 in
476 854 532 901 hanc
548 854 648 901 eamdem
659 851 768 906 Africam,
781 868 847 901 aver-

176 919 230 981 tisse
241 935 268 966 eo
278 920 368 973 beilum,
380 919 439 965 unde
449 926 548 973 venerat,
562 917 648 967 refers?

210 981 303 1029 XLIV.
324 992 339 1013 “
352 984 397 1031 Sed
406 984 466 1045 quid,
479 984 537 1031 ultro
548 990 632 1031 metum
643 982 725 1029 inferre
739 983 806 1036 hosti,
824 988 848 1029 et

176 1048 237 1095 ahse
248 1056 333 1095 remoto
349 1050 447 1111 periculo
466 1049 533 1095 aliurn
551 1048 575 1093 in
592 1048 709 1095 discrimen
726 1048 846 1101 adducere,

177 1114 243 1173 quale
261 1114 297 1166 sit,
315 1114 425 1161 vetenbus
443 1114 584 1173 externisque
602 1113 709 1174 exemplis
724 1114 847 1159 admonere

178 1193 234 1239 opus
253 1178 306 1225 est?
342 1178 419 1241 Majus
441 1179 602 1240 praesentiusve
620 1178 689 1224 ullum
715 1176 845 1238 exemplum

178 1257 318 1303 essequam
336 1242 457 1297 Hannibal,
483 1242 575 1304 potest?
618 1242 719 1288 Multum
742 1242 844 1294 interest,
921 1286 922 1291 ,

175 1306 261 1353 alienos
275 1307 380 1368 populere
395 1307 458 1361 lines,
475 1323 504 1354 an
518 1315 569 1354 tuos
586 1307 627 1361 uri,
639 1306 745 1359 exscindi,
758 1306 843 1353 videas.

177 1368 235 1417 Plus
262 1372 331 1418 animi
357 1380 392 1418 est
413 1372 516 1419 inserenti
542 1372 672 1433 periculum,
701 1386 768 1432 quam
791 1386 847 1433 pro-

177 1435 280 1496 pulsanti.
316 1437 355 1484 Ad
370 1438 413 1483 hoc
430 1440 499 1500 major
514 1437 642 1498 ignotarum
657 1452 732 1482 rerum
747 1442 783 1483 est
799 1443 846 1482 ter-

178 1516 233 1547 ror:
263 1503 321 1548 hona
347 1502 448 1563 malaque
473 1502 570 1547 bostium
599 1515 627 1548 ex
654 1501 781 1562 propinquo
809 1501 846 1546 in·
920 1540 921 1567 ,

177 1581 270 1627 gressus
287 1566 344 1614 fines
365 1567 479 1629 adspicias.
523 1565 577 1612 Non
601 1572 727 1627 speraverat
753 1564 846 1611 Hanni-

176 1630 212 1676 bal
226 1630 280 1684 iore,
302 1640 327 1677 ut
349 1639 384 1677 tot
404 1632 428 1677 in
449 1628 516 1677 Itslid
536 1630 610 1692 populi
627 1630 655 1676 ad
672 1646 696 1676 se
714 1630 846 1683 delicerent,

78 1738 86 1755 l
176 1702 232 1753 quot
252 1694 381 1743 deiecerunt
401 1704 452 1757 post
472 1694 614 1743 Cannensem
636 1694 738 1751 cladem3
760 1702 846 1755 quanto

177 1759 252 1823 minus
267 1759 386 1821 quidquam
396 1760 419 1805 in
431 1758 509 1807 Africi
521 1758 741 1821 Carthaginiensibus
755 1759 846 1807 firmum

176 1838 202 1868 ac
214 1825 290 1871 stabile
301 1825 337 1879 sit,
349 1824 422 1870 inlidis
433 1825 505 1877 sociis,
523 1825 628 1885 gravibus
644 1838 670 1870 ao
687 1826 788 1885 superbis
804 1824 846 1871 do-

177 1888 260 1934 minis?
293 1889 331 1935 Ad
342 1890 385 1935 hoc
396 1904 444 1941 nos,
457 1889 523 1935 etiam
535 1889 615 1935 deserti
627 1890 654 1935 sb
668 1889 742 1941 sociis,
761 1890 845 1935 viribus

148 1985 156 1999 .
176 1955 266 2007 nostris,
289 1954 359 1999 milite
378 1953 491 2005 Romano,
513 1954 621 1999 stetimus.
664 1951 846 2016 Cartlmginiensi

177 2018 232 2063 nibil
245 2018 317 2064 civilis
333 2018 417 2064 roboris
431 2025 479 2064 est:
499 2018 601 2064 mercede
614 2026 702 2078 paratos
713 2019 797 2067 milites
807 2020 847 2065 ha-

176 2083 237 2135 bent,
249 2082 319 2128 Afros
330 2082 493 2143 Numidasque,
505 2082 617 2128 levissima
624 2082 674 2129 fidei
686 2084 801 2133 mutandae
811 2085 847 2129 in·

176 2146 250 2206 genia.
286 2146 334 2192 Hic
345 2147 412 2193 modo
423 2147 478 2194 nihil
493 2162 563 2193 morse
581 2148 615 2200 sit,
634 2144 679 2193 und
693 2154 716 2193 et
733 2149 847 2209 trajecisse

176 2224 215 2255 me
231 2210 331 2263 audietis,
350 2219 373 2255 et
391 2211 468 2258 ardere
484 2212 542 2257 bello
553 2211 661 2264 Africam,
677 2219 700 2258 et
714 2213 845 2261 molientem

175 2274 228 2319 binc
240 2273 398 2327 Hannibalem,
414 2283 437 2321 et
448 2276 542 2322 obsideri
555 2274 723 2338 Carthaginem.
759 2276 846 2326 Lsetio-
916 2320 917 2323 ,

176 2353 212 2383 res
237 2345 259 2384 et
274 2337 435 2395 frequentiores
454 2355 483 2387 ex
503 2338 581 2387 Africa
599 2348 727 2402 exspectate
746 2344 845 2397 nuntios,
916 2332 917 2378 l

176 2416 243 2460 quarn
254 2414 283 2446 ex
295 2399 405 2461 Hispanid
414 2406 561 2465 accipiebatis.
597 2405 648 2451 Has
662 2406 717 2451 mihi
728 2423 780 2469 spes
791 2410 863 2456 *subs

169 2464 221 2525 jicit
239 2463 330 2509 fortuna
347 2468 423 2528 populi
440 2470 547 2523 Romani,
568 2470 609 2516 Dii
626 2470 717 2519 loederis
735 2474 763 2519 ab
783 2474 847 2520 hoste

174 2526 251 2573 violati
268 2534 343 2582 restes,
362 2531 454 2593 Syphax
474 2540 497 2581 et
512 2534 635 2583 Masinissa
653 2550 734 2598 reges3
750 2553 847 2599 quorum
915 2540 916 2563 ³

173 2605 220 2649 ego
234 2589 285 2637 fidei
301 2592 333 2639 ita
351 2594 440 2651 innitar,
458 2606 485 2644 ut
503 2600 560 2647 bene
579 2607 641 2647 tutus
657 2616 670 2646 a
685 2601 778 2663 perfidis
795 2604 846 2651 sim.

175 2652 259 2729 Mults
271 2671 323 2733 quae
333 2673 393 2718 nunc
403 2676 433 2708 ex
443 2662 561 2713 intervallo
578 2680 624 2716 nou
637 2674 752 2740 apparent,
764 2668 851 2725 bellum
