1850 2917
199 113 228 162 Τ.
242 113 331 164 LIVII
347 113 400 164 Lu.
413 114 501 164 XXX·
519 114 636 190 Csr0193
705 118 761 189 381,

87 243 149 300 toris,
168 259 221 308 pars
241 246 313 293 multo
334 247 432 294 maxima
454 259 483 292 ex
503 245 593 308 legione
614 241 753 298 duodecimi,

86 310 176 359 arrisu:
195 311 248 357 inde
262 318 285 358 et
300 311 381 357 tribuni
397 311 492 357 rnilitum
503 311 555 363 duo,
569 310 606 356 M.
618 307 752 361 0011111111,

86 381 111 421 st
121 373 158 421 Μ.
170 373 284 422 Maenius:
304 376 377 422 tertiae
387 375 481 422 decimae
491 389 580 436 quoque
589 373 693 435 legionis,
702 387 755 433 quae

25 439 26 444 ’
86 445 201 500 postremo
215 441 294 501 proelio
308 438 408 493 affuerat,
422 439 466 488 Cn.
478 439 686 486 Helviustribuuus
696 435 756 482 rnili-

86 511 135 548 tum
147 503 169 549 in
186 501 321 551 restituendi
334 503 411 566 pugni
426 505 512 557 cecidit,
532 511 556 549 et
571 504 616 549 duo
632 509 656 548 et
673 499 756 563 viginti

84 565 157 613 ferme
164 568 251 628 equites
260 569 363 622 illustres,
376 569 450 615 obtriti
459 570 487 615 ab
497 568 625 630 elephantis,
638 580 689 612 curn
701 578 757 611 een·

85 631 211 678 turionibus
232 633 322 693 aliquot,
343 633 471 695 perierunt:
490 640 513 680 et
531 632 621 694 longius
639 636 754 678 certamen

83 693 173 749 fuisset,
186 697 209 741 ni
219 697 311 744 vulnere
322 697 383 744 ducis
394 712 500 744 concessa
510 697 603 743 victoria
612 702 678 744 esset.

91 772 95 780 ”
109 758 194 805 xlx.
213 761 293 824 Mago,
310 762 419 823 proximae
434 763 507 808 noctis
525 761 613 807 silentio
630 758 752 822 profectus,

84 831 195 886 quantum
206 825 251 886 poti
262 827 305 872 vise
319 841 358 888 per
373 826 455 872 vulnus
471 833 565 888 poterat,
582 825 696 871 itinenlrus
712 837 755 870 ex-

85 888 163 941 tentis,
181 889 209 935 sd
225 905 286 936 mare
300 890 324 935 in
338 889 435 952 Ligures
446 887 563 952 Ingaunos
573 889 682 951 pervenit,
716 886 752 934 Ibi

84 965 139 998 eum
150 953 218 1014 legati
227 955 253 999 nb
262 953 406 1016 Carthagine,
415 955 491 1016 paucis
498 962 550 1000 ante
558 954 634 1000 (liebus
643 954 667 998 in
679 952 753 999 sinum

86 1015 202 1077 Gallicum
213 1017 309 1078 appulsis
320 1019 419 1072 navibus,
436 1019 544 1072 adierunt,
559 1019 663 1080 jubentes
679 1018 753 1078 primo

84 1094 177 1140 quoque
187 1087 286 1144 tompore
296 1083 321 1127 in
331 1082 431 1130 Africam
442 1084 557 1145 trajicere:
578 1091 594 1112 ‘⁴
605 1082 663 1129 idem
674 1089 697 1128 et
706 1080 755 1127 iro-

85 1149 146 1190 trem
157 1145 205 1206 ejus
216 1144 365 1193 Hannibalern
383 1148 446 1210 (nam
462 1147 491 1193 od
501 1163 551 1193 eum
563 1162 651 1207 quoque
665 1147 709 1192 isse
718 1145 753 1191 le·

85 1215 155 1270 gatos
168 1209 245 1256 eadem
257 1208 372 1271 jubentes)
391 1211 509 1257 sucturum.
544 1211 599 1257 Non
615 1211 639 1257 in
657 1225 685 1256 eo
703 1224 754 1257 esse

86 1269 306 1335 Carthaginiensium
318 1290 360 1328 res,
372 1283 398 1321 ut
407 1276 504 1322 Galliam
512 1283 579 1336 atque
587 1275 674 1321 Italiam
683 1267 760 1321 urinis¹

85 1337 229 1384 obtineant.”
262 1338 343 1400 Mago,
356 1355 401 1386 non
412 1340 504 1401 imperio
514 1341 582 1386 modo
594 1338 754 1401 111111111τὶ-

85 1402 184 1463 culoque
193 1404 270 1464 patriae
281 1410 363 1458 motus,
376 1404 415 1450 sed
425 1411 527 1451 metuens
540 1405 614 1457 etiam,
635 1419 663 1448 ne
680 1403 756 1451 victor

84 1463 158 1512 hostis
169 1469 264 1514 moranti
273 1469 373 1521 instaret,
385 1467 526 1530 Liguresque
535 1468 584 1530 ipsi,
596 1468 689 1527 relinqui
703 1464 752 1512 Ita·

84 1530 140 1576 liam
152 1547 164 1577 a
176 1530 254 1578 Poenis
265 1541 387 1586 cernentes,
397 1534 425 1579 ad
435 1549 481 1587 eos,
494 1547 588 1593 quorum
602 1546 656 1577 mox
671 1531 694 1576 in
710 1545 753 1591 po·

83 1601 168 1642 testate
177 1595 246 1642 futuri
257 1604 339 1651 essent,
353 1596 478 1650 deficerent,
494 1598 561 1644 simul
576 1611 666 1658 sperans
680 1595 753 1640 lenio-

84 1673 136 1705 rem
146 1661 170 1705 in
182 1661 330 1722 navigatione,
341 1677 408 1722 quam
416 1663 439 1708 in
449 1660 493 1714 vii,
501 1662 645 1724 jactationem
653 1659 753 1707 vulneris

83 1723 142 1777 fore,
155 1731 179 1770 et
189 1726 296 1772 curationi
307 1726 382 1772 omnia
392 1727 547 1778 commodiora,
562 1726 671 1788 impositis
682 1723 760 1785 copiis·

84 1788 109 1833 in
121 1803 191 1835 noves
202 1789 321 1850 profectus,
330 1791 422 1836 vixdum
434 1789 536 1852 superati
547 1788 654 1843 sardinii,
663 1804 693 1835 ex
700 1788 751 1835 vul-

83 1865 140 1898 nere
151 1854 251 1900 moritur.
286 1854 364 1902 Nares
375 1870 463 1916 quoque
473 1855 557 1914 aliquot
565 1852 695 1906 Poenorum,
705 1853 751 1898 dis-

77 1917 151 1978 jectae
162 1917 185 1962 in
196 1919 248 1971 alto,
260 1934 275 1965 a
286 1919 356 1966 classe
366 1917 478 1971 Romani,
493 1933 545 1978 quae
558 1919 616 1963 circa
627 1917 750 1964 Sardiniam

81 1987 139 2033 erat,
152 1983 275 2043 capiuntur.
310 1982 370 2030 Haec
381 1981 440 2030 terni
450 1983 556 2041 marique,
568 1983 592 2026 in
602 1989 665 2042 parte
677 1979 750 2027 lune

83 2059 138 2106 quae
153 2046 213 2107 jacet
232 2047 259 2093 ad
278 2047 356 2110 Alpes,
379 2054 449 2109 gesta.
486 2043 573 2094 Consul
592 2043 620 2092 C.
635 2045 750 2097 Servilius,

82 2106 148 2155 nulli
162 2112 297 2158 memorabili
316 2127 340 2159 re
358 2111 381 2157 in
399 2110 513 2172 provincii
529 2107 622 2157 Etrurii
635 2117 658 2154 et
676 2107 752 2156 Gallis

82 2174 202 2235 (quoniam
211 2191 239 2221 eo
249 2191 338 2236 quoque
345 2174 493 2238 processerat)
505 2172 575 2237 gesti,
587 2181 650 2234 patre
658 2171 687 2220 C.
699 2173 753 2218 Ser-

81 2237 138 2284 vilio
147 2246 172 2284 et
184 2237 212 2286 C.
224 2238 315 2286 Lutatio
328 2255 357 2286 ex
368 2240 474 2285 servitute
485 2249 537 2301 post
551 2237 750 2285 sextumdecrinum

82 2315 170 2349 annum
185 2303 285 2364 receptis,
297 2305 334 2364 qui
345 2303 373 2350 ad
384 2304 457 2349 vicum
468 2303 580 2350 Teneturn
591 2319 605 2348 a
616 2301 679 2347 Boiis
690 2301 749 2362 capti

59 2387 62 2391 ·
81 2365 180 2420 fuerant,
198 2367 249 2413 hinc
265 2375 334 2428 patre,
351 2367 403 2412 hinc
420 2367 503 2414 Catulo
518 2367 580 2415 lateri
600 2366 749 2416 circumdatis,

82 2429 172 2540 pprdpptto
183 2445 255 2540 rqqagruq
266 2446 332 2539 quoqu
343 2431 429 2538 publllr'lco
440 2431 520 2546 decqqe
530 2432 631 2542 11111311ὶὸ,
650 2429 753 2540 Istprqphrn'

254 2510 308 2540 ma
406 2501 637 2540 umes·“ne.
685 2509 751 2539 ro

83 2557 158 2604 fraudi
168 2564 234 2610 esset,
244 2558 303 2618 quod
310 2509 382 2618 patpr}
392 2556 430 2617 qui
438 2556 492 2603 111111
500 2557 570 2604 curuli
579 2557 679 2610 sedisset,
687 2557 758 2607 viro,

84 2636 139 2670 curn
150 2620 173 2668 id
183 2622 303 2685 ignoraret,
312 2621 416 2669 'tribunus
429 2621 499 2682 plebis
513 2627 579 2682 atque
595 2621 665 2668 edilis
681 2620 753 2681 piebis
