1850 2917
13 216 14 241 χ
65 182 68 189 =
163 172 197 215 ao
281 163 484 217 nnrvurn„
499 164 583 217 xxv.
603 163 716 215 omre

162 287 232 359 ipsius
243 296 341 345 Gracchi
351 293 419 359 operi
430 310 487 359 opus
500 310 565 345 esse:
585 296 685 343 omnimo
699 294 835 357 populorum

163 363 302 425 preteribus,
319 362 356 424 qui
371 362 399 409 ad
412 360 510 409 Poennm
527 362 550 407 in
570 362 609 407 illo
627 362 740 408 communi
759 360 837 409 Itsliae

165 436 229 475 motu
240 428 368 481 descissent,
380 427 523 489 persuadens,
536 434 562 473 ut
573 427 669 473 redirent
678 426 703 472 in
713 426 836 474 micitimn

163 494 332 543 Rornanorum:
346 493 435 553 quando
443 506 576 552 resquoque
583 492 695 544 Romana,
707 506 758 551 quae
763 506 837 553 prope

163 559 256 609 endum
268 558 330 605 clade
339 556 452 605 Cannensi
463 558 568 611 venisset,
580 558 603 603 in
615 557 662 606 dies
673 556 751 604 melior
766 562 837 617 atque

163 624 250 671 euctior
260 622 336 679 fieret;
355 622 489 671 Hannibalis
499 623 534 668 vis
546 629 678 675 senesceret,
690 636 716 667 ec
726 636 796 683 prope
806 621 838 667 nd

164 689 258 736 nibilum
273 688 378 737 venisset
414 686 492 733 Veteri
511 687 593 734 delicto
610 688 670 733 haud
684 686 837 748 implacabile·

163 753 213 803 scre
221 753 351 801 Romanos:
371 752 454 797 nullam
468 767 566 812 unquam
580 760 672 814 gentem
691 751 764 813 ungis
779 766 838 797 exo·

165 818 262 873 rabilem,
271 818 460 883 promtioremque
466 817 540 864 venite
548 817 627 863 dandae
633 816 710 863 fuisse.
737 815 839 869 Quoties

164 884 276 933 rebellioni
288 883 354 930 etiem
363 883 472 944 majorum
483 897 575 929 suorum
586 880 703 943 ignotum!
738 880 800 928 Haec
809 882 840 928 ab

163 946 214 1001 se,”
232 948 270 1001 sit,
289 953 305 977 ‘⁶
317 948 388 997 dicte:
408 955 515 995 caeterum
531 948 558 993 ab
574 947 623 1007 ipsc
634 946 740 994 Graccho
755 946 839 992 endan

165 1014 214 1063 brec
232 1012 308 1059 sudire
322 1012 388 1059 melle
402 1027 449 1065 eos,
462 1012 623 1073 presentisque
637 1012 769 1073 contingere
779 1010 839 1057 dex·

165 1085 236 1127 trem:
255 1077 279 1123 id
288 1076 371 1139 pignus
381 1076 432 1124 fidei
443 1092 519 1123 secum
532 1076 598 1131 ferre
634 1075 722 1123 Iecrun
738 1090 763 1121 se
778 1091 838 1121 con-

165 1142 216 1193 sciis
239 1142 321 1189 dixisse
339 1157 353 1189 a
371 1149 492 1203 conspectu
513 1149 621 1195 emotum,
644 1142 703 1188 bend
724 1141 803 1203 procui
823 1156 839 1189 u

163 1208 243 1255 cestris
265 1206 382 1255 Romsnis.
427 1204 460 1254 Ibi
481 1207 558 1269 paucis
578 1206 765 1267 verbistrensigi
786 1221 839 1253 rem

164 1288 237 1335 posse,
255 1279 281 1318 ut
297 1287 364 1319 omne
380 1287 462 1319 nomen
480 1270 598 1320 Lucanum
613 1273 637 1316 in
658 1270 702 1317 lide
718 1286 746 1317 ec
762 1271 839 1318 socie·

164 1344 211 1387 ,tate
227 1334 332 1383 Romani
347 1335 403 1383 sit.’'
437 1338 561 1389 Gracchus,
580 1336 682 1385 frondem
697 1343 722 1384 et
737 1336 839 1383 armoni

164 1408 189 1451 et
205 1402 237 1449 rei
252 1403 328 1449 abesse
345 1409 413 1455 retus,
430 1416 457 1449 ac
474 1402 617 1449 similitudine
626 1401 674 1448 veri
684 1408 770 1463 ceptus,
782 1416 838 1447 curn

164 1467 278 1515 lictoribus
294 1482 320 1514 sc
335 1464 409 1514 tunnis
424 1468 524 1528 equitum
535 1482 548 1513 e
559 1467 637 1514 castris
646 1465 766 1528 profectus,
779 1466 840 1513 duce

164 1534 252 1595 hospite
268 1532 291 1578 in
300 1533 396 1581 ¹insidias
410 1532 566 1595 praecipitatur.
602 1531 690 1579 Hostes
704 1532 778 1581 subito
795 1543 840 1579 ets-

165 1598 223 1655 orti;
240 1604 270 1651 et,
289 1612 317 1643 ne
333 1597 398 1645 dubis
412 1597 508 1659 proditio
523 1604 590 1650 esset,
609 1596 702 1643 Flauius
714 1596 749 1644 bis
760 1610 786 1642 se
795 1596 839 1643 nd-

161 1663 253 1725 jungit:
273 1662 317 1709 teia
328 1662 424 1723 undique
434 1662 457 1707 in
470 1662 599 1709 Gracchum
609 1668 677 1723 utque
686 1661 773 1722 equites
781 1675 840 1708 con-

161 1726 277 1789 jiciuntur.
313 1726 429 1775 Gracchus
441 1742 472 1775 ex
488 1743 546 1788 equo
562 1727 648 1774 desilit:
666 1726 726 1773 idem
740 1733 840 1773 caeteros

162 1791 236 1841 fecere
242 1792 313 1854 jubet,
326 1792 476 1853 horteturque,
493 1800 509 1822 ‘⁴
522 1792 563 1846 Ut,
575 1791 636 1852 quod
645 1793 715 1839 sinum
726 1790 840 1851 reliquam

163 1856 254 1906 tortum
272 1856 358 1911 fecerit,
380 1858 403 1905 id
424 1858 571 1905 cohonestent
588 1859 677 1904 virtute
712 1842 840 1917 Reliquum

164 1928 240 1970 autem
252 1922 365 1983 quidesse
380 1923 462 1984 paucis,
481 1922 651 1969 amultitudine
666 1923 690 1969 in
705 1920 765 1968 valle
779 1921 840 1969 silvis

165 2003 191 2035 ue
212 1988 324 2035 montibus
345 1984 408 2049 septi
428 1988 593 2041 circumventis,
617 1993 700 2049 praeter
719 1986 839 2032 mortens?

163 2052 189 2099 id
205 2051 292 2105 referre,
310 2059 386 2100 utrum
402 2054 526 2115 praebentes
542 2067 636 2114 corpora
650 2066 757 2113 pecorum
767 2051 839 2099 nurdo

163 2116 230 2164 inuiti
252 2116 396 2172 trucidentur,
419 2132 455 2171 an,
479 2124 528 2165 toto
548 2118 623 2165 animo
641 2132 656 2163 e
670 2116 776 2178 petiendo
795 2130 839 2162 ex»

162 2180 330 2242 spectandoque
347 2188 430 2229 eventu
443 2184 468 2229 in
482 2184 590 2245 impetrun
605 2190 672 2245 mque
685 2182 741 2228 irem
758 2195 837 2235 verso,

162 2252 258 2306 agentes
276 2246 432 2307 ardentesque,
455 2247 539 2311 pertusi
556 2248 655 2298 hostium
671 2261 758 2299 errrore,
777 2245 840 2294 inter

165 2306 325 2371 exspirantium
339 2310 480 2359 inimicorum
496 2313 609 2361 cumulata
624 2326 731 2372 emmae
745 2317 769 2357 et
784 2325 840 2357 cor·

165 2389 220 2435 pora
238 2375 324 2423 cadent.
360 2373 479 2423 Lucanum
499 2378 635 2439 proditorem
652 2392 679 2425 sc
696 2374 839 2437 tmnthgnm

164 2452 244 2485 omnes
255 2446 368 2500 peterent:
388 2440 426 2501 qui
437 2457 487 2489 enm
497 2443 610 2491 victimer
621 2458 669 2504 prae
679 2456 704 2489 se
714 2440 742 2488 ed
752 2439 839 2490 infesoe

165 2502 269 2557 misisset,
284 2520 336 2551 eum
352 2504 420 2552 decus
437 2507 544 2553 ersimium
556 2508 718 2570 egregiumque
731 2505 839 2552 solatium

164 2569 467 2618 suoemortiinrenturum.”
484 2570 548 2619 Inter
555 2572 674 2625 baecdins,
680 2571 842 2633 paludamento

164 2630 343 2681 circumierunt
353 2636 468 2683 brachium
478 2637 569 2690 intorto,
582 2638 646 2700 (nem
662 2651 692 2683 ne
706 2642 769 2682 scuta
787 2636 841 2695 qni-

162 2695 216 2745 nen
240 2712 317 2747 secun
342 2698 480 2763 excubent)
501 2701 526 2750 in
547 2704 624 2753 hmtcs
645 2703 753 2765 impetum
773 2699 839 2748 fecit.
