1850 2917
203 127 234 196 u.
248 127 336 178 mvn
352 127 405 178 ms
419 127 519 193 xxix.
538 127 599 178 cn.
614 133 651 178 m
711 133 762 180 aas

94 259 120 311 in
128 273 186 306 veum
200 259 273 320 ipsum
284 261 368 322 jactata
377 259 400 304 in
407 259 491 322 jurgiis
505 259 642 317 reimenteu
655 274 764 308 scoeums

94 323 128 375 irai
142 325 211 374 domo
221 339 270 371 sese
280 325 393 386 proripuit,
411 321 547 385 vocatosque
561 325 661 372 tribunos
675 326 762 382 numni,

91 405 122 436 ac
137 389 214 450 virgas
233 389 330 451 expediri
344 390 415 450 jubet
450 387 515 436 Dum
534 388 653 450 spoliandis
669 389 696 437 iis
715 391 763 451 (ro-

91 455 226 516 pugnabant
247 455 313 507 euim,
337 454 475 513 militemque
494 451 652 516 implorabant)
674 461 763 516 tempus

93 519 183 571 teritur,
201 525 291 578 repente
309 518 397 572 milites,
414 517 500 564 feroces
516 519 600 564 recenti
617 517 717 573 victorii,
734 532 764 566 ex

94 583 200 640 omnibus
216 583 277 636 locis,
295 583 356 628 velut
375 583 482 630 adversus
497 583 572 637 hostes
588 582 616 628 ad
631 598 693 631 anna
708 597 763 630 con-

93 648 216 694 clamatum
231 655 296 700 esset,
314 655 487 694 concurrerunt:
507 655 536 700 et,
554 663 605 694 cum
623 645 764 710 violatnjam

90 713 167 772 ‚virgis
188 727 281 774 corpora
301 712 439 758 tribunorum
461 712 574 765 vidissent,
598 719 647 759 tum
666 713 763 759 veroin

94 777 169 830 muto
180 777 357 838 impotentiorem
369 777 441 822 subito
457 777 538 823 rabiem
553 778 647 829 accensi,
665 777 713 825 sine
727 792 765 824 re·

96 849 182 903 spectu,
200 855 246 888 non
262 841 381 903 majestatis
394 841 469 894 modo,
487 838 525 886 sed
535 839 602 887 etiam
612 841 763 894 humuritatis,

93 907 120 955 in
138 907 239 966 legatum
257 907 372 968 impeturn,
394 906 507 951 fictoribus
525 906 586 966 prius
604 905 721 966 indignum
739 905 764 955 in

95 971 188 1016 modurn
199 970 308 1022 mulcetis,
324 969 421 1016 faciunt:
441 977 489 1015 tum
504 970 583 1030 ipsum,
601 970 629 1016 ah
639 969 684 1016 suis
695 971 765 1016 inter-

92 1041 186 1096 neptum
197 1041 220 1080 et
231 1035 349 1086 seclusum,
366 1034 476 1080 hostiliter
491 1034 595 1086 lacerant,
613 1042 636 1080 et
645 1050 714 1096 prope
724 1047 765 1080 ex-

95 1114 212 1160 sanguem,
225 1113 279 1148 naso
290 1099 421 1156 auribusque
432 1098 545 1150 mutilatis,
557 1099 693 1158 relinquunt.
717 1097 765 1145 His

94 1163 227 1214 Messanam
239 1162 352 1214 nuntiatis,
370 1161 452 1222 Scipio,
464 1169 516 1221 post
525 1177 608 1221 paucos
619 1162 665 1207 dies
676 1159 764 1211 Locros

95 1228 173 1274 hexeri
182 1227 294 1278 advectus,
312 1241 363 1272 cum
374 1241 463 1271 causam
476 1224 580 1271 Pleminii
590 1233 613 1272 et
623 1226 763 1273 tribunorum

93 1292 202 1345 ,audisset
220 1290 331 1338 Pleminio
346 1287 405 1336 noxia
418 1290 517 1345 liberato,
535 1291 655 1352 relictoque
669 1291 693 1336 in
704 1293 764 1355 ejus-

95 1357 147 1407 dem
163 1357 207 1403 loci
221 1355 332 1417 praesidio,
350 1354 442 1400 tribunis
459 1355 559 1400 sontibus
570 1355 682 1416 judicatis,
700 1364 724 1403 et
739 1357 763 1403 in

95 1421 186 1468 vincula
196 1421 309 1482 conjectis,
322 1426 347 1466 ut
357 1419 455 1464 Romam
467 1419 495 1476 ad
505 1427 606 1464 senatum
614 1420 763 1476 mitterentur,

96 1485 227 1534 Messanam
244 1492 310 1544 atque
324 1483 376 1530 inde
387 1484 509 1544 Syracusas
525 1483 595 1541 rediit.
631 1481 763 1538 Pleminius,

96 1551 209 1612 impotens
219 1550 266 1602 irae,
284 1549 409 1610 neglectam
420 1549 447 1606 ab
458 1549 562 1608 Scipione
571 1555 595 1592 et
605 1547 672 1593 nimis
686 1548 765 1594 leviter

94 1615 165 1666 latam
175 1629 238 1663 suam
253 1613 355 1675 injuriam
370 1619 437 1666 ratus,
455 1627 497 1658 nec
511 1626 644 1673 quemquam
654 1612 767 1675 aestimare

95 1679 166 1728 alium
177 1694 226 1726 eam
236 1678 298 1724 litem
309 1692 380 1738 posse,
399 1677 442 1722 nisi
457 1677 495 1737 qui
509 1679 648 1724 atrocitatem
663 1679 711 1740 ejus
724 1692 765 1739 pa·

96 1743 174 1790 tiendo
189 1743 302 1796 sensisset,
319 1743 419 1788 tribunos
436 1743 516 1788 attrahi
530 1743 558 1788 ad
572 1757 596 1788 se
606 1743 690 1804 jussit,
706 1742 767 1789 lace-

93 1813 202 1868 ntosque
223 1807 332 1860 omnihus,
356 1821 406 1866 quae
426 1799 473 1867 pati
485 1821 575 1867 ..corpus
593 1807 663 1852 ullum
679 1813 764 1868 potest,

94 1873 211 1934 suppliciis
225 1871 347 1924 interfecit:
366 1885 408 1926 nec
423 1871 516 1931 satiatus
526 1871 629 1916 vivorum
638 1869 713 1931 paeni,
731 1870 767 1916 in·

93 1936 304 1998 sepsutosprojeoit.
339 1935 410 1982 Simili
419 1934 549 1982 crudelitate
556 1943 579 1980 et
586 1935 610 1980 in
618 1931 773 1985 laccensium,

96 2002 208 2064 prinsipes
219 2008 253 2048 est
264 2015 323 2054 usus,
342 2015 397 2060 quos
412 2000 440 2045 ad
455 1999 620 2059 conquerendas
634 1999 725 2061 injurias
739 1999 768 2045 ad

10 2097 12 2102 ·
92 2065 127 2112 P.
141 2065 268 2127 Scipionem
285 2063 395 2126 profectos
412 2064 509 2110 audivit:
529 2071 558 2116 et,
576 2079 627 2124 quae
643 2070 710 2110 antea
725 2078 767 2124 per

96 2129 211 2188 libidinem
222 2137 288 2190 atque
298 2129 410 2176 avaritiam
421 2127 482 2175 ioetla
491 2129 593 2189 exempla
602 2129 626 2173 in
637 2128 710 2174 socios
720 2127 768 2175 edi-

94 2194 167 2248 derat,
177 2201 240 2242 tuuc
254 2195 282 2241 ab
295 2192 330 2246 iri,
341 2193 471 2254 multiplicia
487 2193 565 2242 edeta:
584 2191 682 2238 infamia
698 2198 766 2252 atque

94 2259 190 2310 invidiae
200 2272 246 2304 non
258 2257 298 2304 sihi
309 2258 383 2310 modo,
395 2258 434 2304 sed
445 2257 512 2312 etiam
523 2256 658 2318 imperatori,
670 2267 727 2302 esse

93 2357 98 2368 .
130 2323 170 2374 X,
183 2322 237 2372 Jarn
256 2323 396 2371 comitiorum
415 2323 531 2383 appetebat
549 2329 643 2382 tempus,
664 2334 715 2366 cum
735 2315 764 2366 P.

96 2383 182 2444 Licinii
198 2387 296 2436 consulis
312 2387 383 2435 literae
399 2386 498 2432 Romam
514 2385 594 2440 allatae,
613 2393 663 2433 “se
681 2383 768 2431 mci·

97 2459 193 2514 tumque
211 2465 277 2500 snum
295 2451 360 2513 gravi
377 2451 456 2497 morbo
472 2447 582 2502 affectari:
600 2462 643 2496 aec
662 2447 767 2511 sistipo-

93 2513 768 2577 muenieademaismali,autgrsvioretimn,iuhostes

93 2579 228 2646 ngrnue.
262 2578 472 2640 nequequam
485 2577 534 2636 ipse
545 2578 623 2626 venue
636 2577 664 2624 sd
679 2575 769 2622 comitia

94 2659 144 2697 m
154 2651 239 2712 W,
251 2645 313 2696 liii&
318 2641 427 2698 ΜΝ
435 2641 557 2719 Quis
569 2655 594 2696 ἦ
604 2639 644 2712 ,αἵ
650 2637 768 2698 emulum
