1850 2917
205 165 235 216 Τ.
250 166 338 218 L1vn
353 167 408 220 Lu.
422 169 521 220 XXVI.
539 169 600 223 cu.
613 175 654 224 50·
720 179 768 230 m

90 279 247 351 defuturum‚”
266 299 366 358 diceret3
385 283 434 348 tum
453 317 530 350 runnu
547 304 633 359 mulier,
659 311 677 336 “
693 305 765 356 Haud

89 363 166 424 magni
177 364 221 410 ieta
235 362 354 418 facimus,”
371 366 455 426 inquit:
477 368 557 429 “quid
574 370 634 416 euim
648 371 700 418 huic
717 372 765 421 ior.

89 433 151 474 tunae
163 442 211 473 nun
223 429 278 475 uatis
289 429 340 475 est?
373 431 427 477 Alia
443 445 481 478 me
498 447 558 487 curu,
578 441 667 481 aetctem
684 436 762 486 harum

88 491 222 546 intuentem,
245 494 307 556 (num
329 494 377 555 ipsa
388 495 437 556 jam
454 504 517 543 extra
535 498 660 559 periculum
674 499 762 563 iuJun'ae

89 557 204 604 muliebris
215 555 277 618 auru)
290 557 415 604 stimulat.”
448 559 527 607 AEtute
537 569 560 608 et
570 561 643 609 sormi
656 561 763 614 florente·

88 621 146 668 circu
156 629 223 668 erant
235 620 335 670 Indibilis
345 622 403 676 filiae,
416 624 510 685 uliaeque
520 626 633 673 nobilitate
643 628 698 690 puri.
709 644 762 691 qua

89 701 167 732 omues
193 701 245 734 eam
269 702 310 749 pro
332 695 424 748 parente
446 689 555 736 colebant.
594 689 655 738 Tum
678 693 761 757 Scipio,

88 757 104 779 “
114 750 179 798 Meae
190 751 312 812 populique
319 751 419 799 Romani
428 754 551 815 discipline
561 754 628 802 cuuad
636 755 760 813 fucerem‚”
810 802 815 812 ,

87 815 166 876 iuquit,
186 823 204 845 “
216 816 315 876 nequid,
328 817 389 876 quod
399 825 500 864 suctum
515 834 609 879 uuquam
623 829 689 875 erret,
703 823 762 884 upud

87 895 128 926 noa
139 880 277 927 violaretur:
296 895 364 934 nunc,
376 889 402 928 ut
412 882 434 928 id
448 897 525 929 curem
539 884 667 945 impensius,
685 895 761 936 vestra

87 959 177 1006 quoque
200 945 272 991 virtus
294 945 434 1008 dignitasque
451 945 517 994 lucit:
536 963 587 1008 quae
605 963 635 996 ne
652 951 676 996 in
695 952 760 1000 malin

86 1009 176 1070 quidem
195 1009 270 1056 oblitae
286 1009 372 1056 decoris
388 1012 517 1058 matronalis
533 1012 617 1059 utiu’*
647 1015 760 1078 Spectata

87 1073 167 1120 deinde
189 1073 324 1135 integritatis
342 1075 392 1121 viro
409 1075 498 1122 tradidit
516 1091 561 1130 eac,
582 1078 682 1140 tuerique
700 1082 761 1128 lraud

86 1153 151 1184 aecus
163 1139 290 1186 verecunde
300 1155 326 1186 ac
336 1139 443 1194 modeste,
455 1155 522 1201 quern
530 1143 642 1203 hospitum
650 1146 761 1209 conjuges

44 1240 47 1244 .
87 1217 113 1249 tc
123 1211 216 1257 matres,
224 1203 300 1266 jussit.
508 1241 512 1248 ·
572 1228 576 1237 “
628 1253 631 1259 .

119 1267 150 1314 L.
174 1266 272 1330 Captiva
283 1268 362 1316 deiude
378 1283 392 1316 a
409 1271 515 1318 militibus
530 1272 646 1320 adducitur
661 1273 690 1322 ad
705 1289 760 1322 euru

86 1331 163 1380 adulta
172 1333 247 1394 virgo,
260 1333 315 1379 adeo
326 1333 408 1380 eximii
420 1334 500 1389 found,
518 1344 552 1391 ut,
569 1333 708 1400 unicumque
722 1340 759 1387 in-

85 1398 185 1452 cedebat,
196 1405 337 1444 converteret
346 1400 444 1446 omnium
455 1401 540 1447 oculos.
570 1401 652 1463 Scipio,
664 1418 759 1466 percon-

85 1469 146 1509 tatus
160 1463 255 1524 patriam
269 1471 420 1525 parentesque,
439 1465 498 1512 inter
513 1471 594 1512 caetera
610 1469 702 1529 accepit,
719 1469 759 1516 de-

85 1542 191 1588 sponsam
201 1541 250 1573 ecm
258 1527 352 1590 principi
360 1527 522 1576 Celtiberonrm
529 1530 677 1578 adolescenti:
692 1532 759 1579 Allu-

84 1593 119 1638 cio
131 1606 217 1638 nomeu
227 1597 282 1637 erat.
317 1591 439 1654 Extemplo
449 1595 520 1656 igitur
526 1594 654 1655 purentrlruc
664 1611 759 1658 rponao-

85 1672 129 1718 que
145 1658 174 1704 cb
190 1656 258 1702 domo
274 1657 357 1711 accitis,
377 1673 428 1704 cum
445 1659 535 1705 iuterim
549 1658 642 1713 audiret,
658 1660 759 1723 deperire

86 1736 138 1768 eum
158 1735 249 1783 rponsae
265 1722 401 1775 umoreubi
418 1723 514 1785 primunr
533 1724 602 1777 venit,
619 1726 759 1774 accuratiore

85 1801 137 1832 eum
147 1799 258 1838 sermone,
266 1800 332 1846 quam
340 1787 584 1848 puretrteuulloquitur.
613 1788 757 1844 “durmin”

84 1851 166 1912 iuquit,
185 1851 316 1912 “juvenem
331 1851 423 1912 appello,
444 1867 490 1912 quo
503 1853 577 1898 mium
595 1853 623 1898 uit
638 1854 697 1900 iuter
714 1869 759 1902 noa

85 1916 153 1978 hujus
170 1914 280 1962 sermonis
296 1915 435 1962 verecundia.
471 1915 532 1977 Ego,
553 1931 604 1962 cum
621 1932 703 1978 aporiae
718 1925 758 1966 tua

85 1987 150 2042 capta
160 1995 175 2026 a
185 1979 291 2025 militibus
301 1980 384 2025 noctrir
394 1980 422 2026 ad
433 1995 471 2026 nre
485 1981 552 2027 ductu
566 1987 632 2033 esset,
645 1981 757 2028 audirem-

85 2061 136 2106 que,
149 2059 200 2091 eum
211 2044 250 2090 tibi
261 2043 322 2090 cordi
333 2057 388 2096 osae,
401 2051 424 2090 et
433 2043 507 2091 formu
519 2044 603 2091 luceret
612 2043 688 2098 fidem,
704 2047 756 2108 quia

84 2110 139 2172 ipre,
152 2110 171 2156 ui
186 2107 231 2155 frui
244 2108 321 2154 liceret
333 2107 386 2155 ludo
401 2109 482 2162 aetatia,
502 2108 636 2171 (praesertim
652 2118 714 2158 rectu
733 2119 758 2158 et

83 2174 186 2236 legitimo
199 2170 285 2233 amore)
297 2179 321 2218 et
334 2187 380 2218 uon
395 2173 519 2235 'respublica
536 2173 634 2220 animum
653 2183 756 2223 uocum

85 2236 224 2301 oocupduset,
247 2237 335 2284 veniam
356 2237 410 2283 mihi
433 2238 492 2284 duri'
506 2253 609 2300 apouaam
633 2239 757 2302 impensius

84 2305 167 2350 amanti
191 2301 288 2348 vellem:
315 2309 362 2356 tuo,
385 2303 448 2364 quus
469 2318 567 2364 poarum,
591 2304 662 2349 arnori
679 2304 754 2358 fureo.

84 2367 138 2415 Fuit
149 2381 233 2430 sponsa
245 2373 284 2412 tua
298 2367 356 2428 apud
374 2381 411 2411 me
426 2364 515 2419 eldeum
529 2364 575 2426 qud
590 2367 649 2427 apud
665 2381 756 2414 soceros

84 2439 135 2478 tuos
145 2437 294 2493 parentesque
312 2443 371 2482 nuos,
386 2427 534 2476 verecundid:
554 2438 641 2477 servata
654 2430 694 2475 trlri
712 2438 755 2483 eet,

84 2503 108 2542 ut
118 2495 253 2542 inviolatum
266 2501 289 2540 et
305 2493 398 2555 dignum
415 2508 452 2538 ure
469 2499 536 2553 teque
551 2493 597 2539 duri
613 2493 653 2538 uni
671 2493 756 2538 donum

85 2565 183 2621 posset*
205 2556 410 2604 Hancmercedem
427 2571 495 2602 unum
510 2570 552 2617 pro
568 2569 757 2616 eomuuerepc·

86 2625 169 2670 ciucor:
190 2619 485 2682 amicuapopuloRcmauc
499 2619 543 2665 cia:
562 2618 756 2687 et,uimevirrrru

85 2688 168 2736 boumn
177 2683 250 2734 credis
260 2699 317 2738 ecce,
328 2684 404 2744 quales
417 2689 504 2744 putrem
516 2689 666 2743 pttmtuuque
679 2693 760 2726 meum
