1850 2917
164 156 201 199 40
270 149 302 198 T.
316 147 404 200 LIVII
417 148 473 197 Lra.
486 147 584 196 XXIV.
602 144 665 197 Car.
677 146 726 197 55(

166 296 217 342 quae
227 280 325 342 pondere
336 282 376 327 su'o
384 280 503 342 provoluta
512 285 594 333 essent,
605 279 704 341 graviter
712 278 737 324 in
744 277 838 329 hostem
856 289 858 291 ’

165 346 303 393 inciderent:
316 346 392 392 eadem
404 360 477 397 causa,
490 344 518 391 ad
528 344 673 397 subeundum,
686 342 778 389 arduum
786 343 839 389 adi-

166 417 215 456 tum
222 410 388 470 instabilemque
397 411 522 472 ingressum
532 410 649 469 p'raebebat.
684 405 728 462 Ita,
737 408 836 454 consilio

164 474 247 527 habito,
265 490 316 521 cum
336 475 408 520 omnis
425 481 519 519 conatus
534 472 628 519 ludibrio
644 479 711 525 esset,
728 472 837 519 absistere

165 540 338 601 oppugnatione,
356 547 422 598 atque
440 537 560 583 obsidendo
578 544 666 583 tantum
681 552 756 583 arcere
775 534 836 584 tent

166 604 267 663 marique
277 604 435 651 commeatibus
445 604 533 648 bostem
543 602 632 663 placuit.

64 708 66 718 .
166 697 169 703 ,
200 668 313 714 XXXV..
329 666 423 713 Interim
434 666 563 719 Marcellus,
581 663 762 713 cumtertiriiere
771 673 840 727 parte
922 701 924 705 ,

165 733 278 779 exercitis
289 733 317 778 ad
327 732 461 793 recipiendas
473 732 537 777 urbes
547 730 668 791 protectus,
679 746 731 790 quae
738 731 762 775 in
770 738 837 778 motu
922 741 923 752 ²

166 812 240 843 rerum
252 797 280 843 ad
289 796 485 858 Carthaginienses
495 791 627 848 defecerant,
645 794 756 841 Helorum
768 801 840 855 atque

166 860 314 914 'Herbessum
327 861 455 906 dedentibus
463 860 524 921 ipsis,
533 860 617 921 recipit.
636 859 763 921 Megarari
771 866 839 921 capta

167 926 234 973 diruit
245 942 270 971 ac
281 925 376 987 diripuit,
393 925 422 971 ad
433 925 574 984 reliquorum,
591 939 618 970 ac
627 925 725 969 maxime
736 924 839 984 Syracu·¹
922 939 924 965 r

165 1004 280 1043 sanorum,
298 997 412 1035 terrorem.
448 988 493 1035 Per
508 989 567 1035 idem
582 986 630 1035 iere
645 996 733 1050 tempus
749 995 772 1034 et
789 988 840 1034 Ha
922 1003 923 1026 r

167 1054 241 1107 mileo,
264 1054 302 1114 qui
321 1054 349 1101 ad
368 1052 470 1113 Pachyni
488 1054 664 1115 promontorium
684 1054 777 1099 classem
794 1052 839 1099 diu

165 1126 276 1173 tenuerat,
288 1120 315 1165 ad
328 1118 468 1171 Heracleam,
480 1134 547 1178 quam
555 1126 637 1165 vocant
645 1117 756 1170 Minoam,
768 1118 839 1177 quin-

163 1198 212 1244 que
220 1190 243 1229 et
250 1184 330 1245 viginti
341 1183 408 1228 millia
418 1182 525 1243 peditum,
542 1184 584 1229 tria
594 1182 700 1243 equitum,
718 1181 839 1229 duodecim

164 1248 297 1309 elephantos
310 1247 428 1310 exposuit3
444 1245 582 1307 nequiquam
597 1262 649 1293 cum
663 1248 751 1307 quantia
765 1247 840 1309 copiis
919 1263 923 1290 τ

167 1321 219 1359 aute
230 1320 331 1360 tenuerat
342 1312 369 1358 ad
378 1310 509 1372 Pachynum
521 1312 620 1357 clamen.
656 1311 707 1365 Sed,
716 1317 839 1373 postquam

166 1380 196 1435 ab
214 1376 353 1439 Hippocrate
368 1384 482 1437 occupatae
500 1377 618 1436 Syramrsae
635 1383 705 1429 erant,
722 1374 840 1437 profectus
921 1395 924 1422 ;

169 1440 336 1503 Carthaginem,
346 1442 479 1503 adjutusque
488 1441 517 1486 ibi
528 1449 551 1486 et
558 1442 586 1487 ab
593 1441 672 1503 legatis
680 1440 838 1503 Hippocratis,
922 1483 923 1486 ,

166 1507 280 1567 literisque
298 1506 437 1558 Hannibalis,
455 1506 494 1565 qui
511 1506 598 1551 venisse
612 1514 699 1567 tempus
713 1505 784 1551 aiebat
800 1506 840 1552 si-

163 1572 224 1617 ciliae
243 1587 282 1633 per
301 1586 412 1617 summum
432 1570 499 1616 decus
515 1571 648 1631 repetendae,
671 1576 696 1617 et
712 1570 760 1631 ipse
775 1570 840 1617 haud
922 1575 924 1584 '

167 1650 239 1683 vanus
250 1652 348 1697 praesens
362 1635 459 1681 monitor
471 1634 536 1681 facile
545 1636 676 1697 perpulerat,
694 1642 726 1689 ut,
743 1642 841 1694 quantae

117 1726 119 1731 ·
167 1701 272 1748 maximae
289 1708 386 1762 possent,
404 1699 503 1761 peditum
519 1701 662 1761 equitumque
675 1700 746 1761 copiae
759 1699 784 1744 in
800 1700 840 1747 Si*
919 1721 922 1734 ·

167 1765 239 1813 ciliam
262 1767 420 1827 trajicerentur.
462 1765 593 1812 Adveniens
612 1764 753 1818 Heracleam,
776 1764 841 1813 intra

166 1846 250 1893 paucos
261 1830 307 1877 dies
317 1831 369 1877 inde
380 1830 532 1891 Agrigentum
543 1830 634 1892 recipit:
654 1830 789 1889 aliarumque
804 1830 840 1877 civ

167 1896 277 1949 vitatium,
299 1911 351 1955 quae
369 1895 437 1956 partis
455 1892 671 1956 Carthaginiensium
688 1902 757 1946 erant,
779 1894 840 1941 adeo

168 1974 270 2007 accensae
280 1968 332 2007 aunt
343 1975 393 2021 spes
408 1958 436 2005 ad
449 1959 563 2019 pellendos
579 1956 653 2006 Siciliai
667 1958 791 2011 Romanos,
809 1966 840 2005 ut

166 2032 281 2087 postremo
296 2025 369 2078 etiam,
387 2023 424 2084 qui
439 2023 593 2069 obsidebantur
608 2023 731 2084 Syracusis,
749 2023 840 2071 animos

168 2089 312 2146 sustulerint3
329 2097 358 2142 et,
375 2095 439 2149 parte
456 2088 575 2149 copiarum
585 2088 638 2134 satis
654 2087 743 2133 defendi
757 2088 839 2135 urbem
918 2121 923 2146 ,2

166 2168 233 2215 posse
251 2154 300 2205 rati,
317 2154 348 2199 ita
364 2152 422 2199 inter
439 2168 463 2199 sa
480 2168 573 2199 munera
586 2153 638 2198 belli
651 2152 725 2214 partiti
740 2152 792 2206 sint,
802 2161 841 2201 ‘ut

167 2216 281 2278 Epicydes
296 2224 401 2277 praeesset
411 2217 518 2263 custodiae
529 2218 596 2271 urbis,
614 2217 771 2279 Hippocrates,
789 2217 840 2263 Hi-

167 2282 258 2327 mileoni
277 2282 415 2342 conjunctus,
433 2282 516 2327 bellum
533 2282 638 2329 adversus
655 2282 769 2329 consulem
785 2282 839 2329 Ro-

167 2352 362 2405 manumgereret.
398 2343 840 2408 Cumdecernmillibuspeditumquin-
922 2367 924 2408 ᾗ

164 2409 242 2469 gentis
253 2409 373 2469 equitibus,
388 2418 456 2457 nocte
472 2427 512 2473 per
525 2411 651 2457 intermissa
666 2411 772 2457 custodiis
786 2412 841 2459 loca

166 2473 286 2533 proiectus,
300 2480 372 2521 castra
382 2475 440 2521 circa
448 2476 544 2523 Acrillas
554 2478 630 2523 urbem
641 2476 744 2537 ponebat.
778 2474 840 2522 Mu·
918 2503 921 2510 ·

166 2536 277 2582 nientibus
288 2540 415 2599 supervenit
423 2538 553 2593 Marcellus,
565 2542 592 2586 ab
602 2540 732 2601 Agrigento
736 2541 786 2602 jam
797 2557 840 2587 oc-
921 2541 922 2544 ’

166 2606 253 2660 cupato,
272 2616 323 2647 cum
338 2601 421 2648 trustra
437 2616 465 2647 eo
482 2605 606 2664 prevenire
622 2604 710 2651 hostem
725 2604 838 2653 testinans

158 2664 302 2720 tetendisset,
327 2664 428 2723 redeam
451 2666 508 2714 nihil
524 2667 599 2715 minus
617 2674 685 2725 ratus.
706 2684 774 2730 quam
796 2670 839 2719 ilio
