1850 2917
186 148 219 201 a:
229 145 388 201 mvn‘un
401 146 515 203 xxvn.
533 152 594 206 Cas.
610 146 648 203 tl.
698 148 745 203 ‘abl

82 272 155 332 alam
173 278 275 345 lugubris
295 284 390 331 duorum
410 286 527 332 conallum
546 285 666 333 funenbus.
701 274 748 333 Hii

82 348 143 393 anxii
161 349 221 394 astris
239 348 339 395 homines
355 350 503 411 ‹ligrsrliemes
517 350 540 395 in
555 350 679 411 provincias
693 362 749 396 oon·

81 413 141 458 sales
151 413 264 475 prosecuti
274 420 333 459 suat.
356 414 476 460 Memoriae
486 415 598 475 proditum
607 420 648 467 est,
658 414 748 474 plenum

80 470 154 523 due
170 478 212 523 lrae
227 479 251 524 ln
267 479 328 524 cives
345 478 381 524 M.
395 478 493 532 Livium,
512 480 539 525 ad
553 478 634 525 bellurn
650 477 748 539 proficis·

80 548 177 596 emtam,
194 544 296 589 mouenti
318 542 351 597 Q.
371 540 447 596 Fabio,
471 556 507 597 ne,
529 544 655 605 priusquam
678 556 750 603 genus

80 606 179 653 aarum
202 602 330 669 ragusinam,
352 614 435 653 temere
455 622 546 654 manum
564 612 697 666 consereret,
715 621 750 652 ra·

81 664 212 731 moadiae:
232 672 303 718 “Ubi
314 672 409 736 primum
424 673 521 719 hostium
532 684 613 734 agmen
622 672 751 733 conspexis-

82 743 123 789 set,
147 734 326 798 pugnatunun.”
366 736 426 785 Cum
444 745 587 797 quaereretur,
612 752 662 797 quae
684 750 750 782 causa

80 799 200 847 humandi
211 801 287 848 esset?
305 809 321 830 ¹*
329 802 379 848 Aut
389 816 418 847 ex
428 803 493 847 boste
503 802 617 864 egregiam
628 798 748 862 gloriam,”

81 864 161 926 lnquit,
186 873 203 895 “
217 872 256 912 aut
274 880 303 913 ex
321 867 406 912 civibus
424 867 489 912 uictis
507 867 620 927 gaudium,
645 866 749 910 meritum

81 937 149 985 ωε,
159 931 202 977 etsi
213 945 258 977 non
269 932 395 983 honestum,
407 930 518 992 capiam.’'
537 930 668 991 Priusquam
681 927 750 976 Clau-

81 992 132 1041 Rus
146 996 227 1042 consul
239 996 262 1040 in
272 996 409 1056 provinciam
423 996 554 1056 perveniret,
572 1012 612 1057 per
626 1003 750 1040 extremum

82 1059 150 1106 hem
165 1060 216 1121 agri
231 1058 344 1105 Larinatis
361 1060 478 1106 dueentem
493 1061 516 1105 in
534 1059 668 1106 Sallentinos
686 1072 750 1104 exer·

82 1124 151 1170 amn
164 1122 314 1170 Hannibalem
329 1139 381 1169 cum
395 1124 503 1185 expeditis
514 1125 640 1170 cohortibus
651 1124 748 1176 adortus,

83 1186 112 1235 C·
126 1184 241 1233 Hostilius
253 1187 356 1234 Tubulus
370 1189 516 1249 incomposito
531 1189 615 1251 agmini
632 1186 750 1233 terribilem

81 1252 205 1298 tumultum
223 1252 312 1298 intulit:
331 1253 472 1312 adquatuor
490 1254 559 1300 millia
577 1252 691 1299 hominurn
711 1266 750 1297 oc-

82 1316 144 1370 eidit,
160 1328 243 1363 novem
259 1317 324 1378 signa
337 1318 439 1363 militaria
453 1318 517 1379 cepit.
554 1318 660 1364 Moverat
674 1330 702 1363 ex
716 1316 750 1361 hi-

81 1380 157 1427 sana
172 1381 202 1426 ad
218 1381 300 1427 famam
315 1383 385 1427 hostis
403 1381 435 1435 Q.
447 1380 560 1435 Claudius,
578 1383 615 1443 qui
632 1396 672 1443 per
686 1382 751 1428 urbes

80 1444 128 1507 agri
140 1438 260 1491 Sallentini
274 1452 346 1493 castra
361 1446 467 1508 disposita
481 1448 579 1493 habebat.
617 1446 703 1505 ltaque,
721 1458 750 1491 ne

81 1522 133 1555 siun
151 1503 238 1556 duobus
254 1512 387 1557 exercitibus
401 1511 468 1557 simul
482 1509 619 1572 confligeret,
638 1506 752 1557 Hannibal

80 1581 149 1621 noete
159 1582 233 1621 matrs
242 1588 272 1621 ex
282 1588 338 1636 agro
347 1575 472 1621 Tarentino
483 1576 559 1627 movit,
572 1580 639 1633 atque
649 1574 673 1618 in
681 1572 751 1619 Brut·

79 1639 123 1685 tios
138 1640 259 1685 wnoessit.
294 1638 402 1687 Claudius
416 1640 439 1684 ln
455 1640 589 1687 Sallentinos
604 1652 686 1701 agmen
697 1650 752 1683 eon-

79 1704 156 1750 vertlt.
192 1702 313 1757 Hostilius,
332 1703 433 1765 Capuam
452 1712 537 1765 petens,
560 1704 637 1750 obvius
656 1702 684 1749 ad
702 1701 751 1748 Ve-

80 1769 170 1814 nusiam
179 1767 206 1813 fit
217 1768 303 1814 consuli
314 1766 416 1816 Claudio.
452 1766 486 1813 Ibi
501 1780 530 1813 ex
545 1776 639 1827 utroque
653 1766 752 1813 exercitu

79 1832 152 1879 decta
159 1832 259 1895 peditum
270 1833 415 1894 quadraginta
424 1832 500 1884 millia,
518 1832 562 1877 duo
573 1832 642 1877 millia
652 1839 675 1878 et
684 1832 752 1890 quin-

79 1898 144 1960 genti
163 1898 258 1957 equites,
282 1897 361 1957 quibus
379 1897 458 1942 consul
477 1896 581 1941 adversus
602 1895 752 1941 Hannibalem

3 1987 4 2000 π
80 1972 128 2009 rem
143 1969 249 2024 gereret:
269 1962 308 2007 reli
341 1968 344 1971 ’
377 1962 451 2021 copias
468 1958 579 2006 Hostilius
596 1959 696 2020 Capuam
713 1958 754 2004 du-

3 2063 4 2068 ,
80 2028 225 2089 &susumus
238 2033 264 2071 ut
276 2025 307 2079 Q.
339 2026 400 2071 ulvio
409 2025 536 2085 proconsuli
547 2024 649 2070 traderet.
732 2054 733 2061 η

113 2090 186 2137 xm.
201 2090 322 2143 Hannibal,
334 2090 432 2149 undique
442 2096 555 2135 contracto
567 2089 673 2140 exercitu,
685 2100 752 2147 quem

3 2181 4 2186 =
81 2156 105 2201 itt
115 2156 216 2202 bibernis
230 2154 306 2203 autin
320 2154 428 2216 praesidiis
443 2155 491 2215 agri
502 2153 584 2199 Bruttii
599 2154 711 2205 babuerat,
729 2152 753 2197 in
781 2183 784 2192 s

3 2229 4 2260 ἲ
83 2219 193 2268 Lucanos
211 2219 240 2265 ad
259 2220 410 2266 Grumentum
429 2219 497 2271 venit,
523 2232 561 2279 spe
580 2218 697 2279 recipiendi
714 2232 755 2277 op-

3 2313 4 2322 ,
82 2285 141 2347 pitia
151 2298 206 2345 quae
212 2299 252 2345 per
260 2290 344 2329 metum
352 2284 380 2330 ad
388 2283 505 2329 Romanos
513 2283 651 2329 defecissent.
666 2281 754 2327 Eodem

83 2364 99 2396 ι
108 2345 214 2396 venusia
229 2349 308 2393 consul
318 2348 436 2393 Romanus
447 2346 566 2407 exploratis
577 2346 690 2392 itineribus
701 2358 756 2389 con-

83 2414 172 2470 «samm
189 2420 214 2458 et
227 2413 288 2458 mille
300 2412 347 2458 sere
361 2419 385 2457 et
398 2412 532 2471 quingentos
547 2424 624 2471 passus
640 2415 712 2454 castra
728 2408 756 2452 ab

85 2478 152 2523 boste
172 2477 240 2522 locat.
275 2475 396 2523 Grumenti
414 2476 526 2544 moenibus
543 2489 612 2535 prope
631 2475 756 2533 injunctum

85 2539 203 2588 amabatur
217 2539 341 2586 Poenomm
353 2538 451 2585 sallum:
470 2538 587 2599 quingenti
597 2550 676 2597 passus
686 2535 756 2579 inter-

87 2612 158 2651 asaat.
190 2602 275 2651 Castra
285 2602 372 2649 Punica
382 2616 408 2647 ac
418 2601 524 2647 Romana
533 2602 591 2646 inter
598 2600 686 2661 jacebat
696 2610 757 2641 cam·

87 2679 146 2732 1⁸5
163 2668 234 2716 eolles
248 2668 394 2714 insumebant
408 2666 461 2713 nudi
479 2666 568 2712 sinistro
584 2662 648 2710 lateri
663 2658 758 2710 casua·
787 2698 923 2879 ι
