<?xml version="1.0" encoding="UTF-8"?>
<!DOCTYPE html PUBLIC "-//W3C//DTD XHTML 1.0 Transitional//EN"
    "http://www.w3.org/TR/xhtml1/DTD/xhtml1-transitional.dtd">
<html xmlns="http://www.w3.org/1999/xhtml" xml:lang="en" lang="en">
 <head>
  <title>
</title>
<meta http-equiv="Content-Type" content="text/html;charset=utf-8" />
  <meta name='ocr-system' content='tesseract 3.04.00' />
  <meta name='ocr-capabilities' content='ocr_page ocr_carea ocr_par ocr_line ocrx_word'/>
</head>
<body>
  <div class='ocr_page' id='page_1' title='image "./tliviipatavinih03caregoog_0199.png"; bbox 0 0 1850 2917; ppageno 0'>
   <div class='ocr_carea' id='block_1_1' title="bbox 201 143 759 210">
    <p class='ocr_par' dir='ltr' id='par_1_1' title="bbox 201 143 759 210">
     <span class='ocr_line' id='line_1_1' title="bbox 201 143 759 210; baseline 0.016 -14"><span class='ocrx_word' id='word_1_1' title='bbox 201 143 333 210; x_wconf 65' lang='lat' dir='ltr'><strong>T.,L1v11</strong></span> <span class='ocrx_word' id='word_1_2' title='bbox 349 147 401 197; x_wconf 65' lang='lat' dir='ltr'><strong>Lu</strong></span> <span class='ocrx_word' id='word_1_3' title='bbox 416 149 527 199; x_wconf 81' lang='lat' dir='ltr'><strong>xxvn.</strong></span> <span class='ocrx_word' id='word_1_4' title='bbox 547 145 607 203; x_wconf 66' lang='lat' dir='ltr'><strong>cri.</strong></span> <span class='ocrx_word' id='word_1_5' title='bbox 621 157 644 202; x_wconf 86' lang='lat' dir='ltr'><strong>a</strong></span> <span class='ocrx_word' id='word_1_6' title='bbox 712 153 759 205; x_wconf 78' lang='lat' dir='ltr'><strong>ras</strong></span> 
     </span>
    </p>
   </div>
   <div class='ocr_carea' id='block_1_2' title="bbox 72 272 759 1760">
    <p class='ocr_par' dir='ltr' id='par_1_2' title="bbox 79 272 759 728">
     <span class='ocr_line' id='line_1_2' title="bbox 79 272 758 342; baseline 0.016 -20"><span class='ocrx_word' id='word_1_7' title='bbox 79 275 162 340; x_wconf 64' lang='lat' dir='ltr'><strong>eoigit</strong></span> <span class='ocrx_word' id='word_1_8' title='bbox 183 275 211 324; x_wconf 87' lang='lat' dir='ltr'><strong>P.</strong></span> <span class='ocrx_word' id='word_1_9' title='bbox 231 272 449 342; x_wconf 76' lang='lat' dir='ltr'><strong>Licinius&#39;poutisex</strong></span> <span class='ocrx_word' id='word_1_10' title='bbox 468 276 579 329; x_wconf 76' lang='lat' dir='ltr'><strong>uiuimus</strong></span> <span class='ocrx_word' id='word_1_11' title='bbox 598 281 626 331; x_wconf 84' lang='lat' dir='ltr'><strong>C.</strong></span> <span class='ocrx_word' id='word_1_12' title='bbox 642 283 758 333; x_wconf 82' lang='lat' dir='ltr'><strong>Valeriani</strong></span> 
     </span>
     <span class='ocr_line' id='line_1_3' title="bbox 84 341 758 397; baseline 0.013 -9"><span class='ocrx_word' id='word_1_13' title='bbox 84 341 204 389; x_wconf 73' lang='lat' dir='ltr'><strong>Flaccum.</strong></span> <span class='ocrx_word' id='word_1_14' title='bbox 232 341 355 390; x_wconf 85' lang='lat' dir='ltr'><strong>Decernrir</strong></span> <span class='ocrx_word' id='word_1_15' title='bbox 365 346 432 392; x_wconf 85' lang='lat' dir='ltr'><strong>sacris</strong></span> <span class='ocrx_word' id='word_1_16' title='bbox 442 346 550 393; x_wconf 78' lang='lat' dir='ltr'><strong>faciundis</strong></span> <span class='ocrx_word' id='word_1_17' title='bbox 559 356 645 395; x_wconf 86' lang='lat' dir='ltr'><strong>creatus</strong></span> <span class='ocrx_word' id='word_1_18' title='bbox 653 349 758 397; x_wconf 88' lang='lat' dir='ltr'><strong>inlocum</strong></span> 
     </span>
     <span class='ocr_line' id='line_1_4' title="bbox 83 406 759 461; baseline 0.015 -9"><span class='ocrx_word' id='word_1_19' title='bbox 83 406 116 461; x_wconf 73' lang='lat' dir='ltr'><strong>Q,</strong></span> <span class='ocrx_word' id='word_1_20' title='bbox 127 407 206 453; x_wconf 88' lang='lat' dir='ltr'>Mucii</span> <span class='ocrx_word' id='word_1_21' title='bbox 223 408 332 455; x_wconf 80' lang='lat' dir='ltr'><strong>Scaevolae</strong></span> <span class='ocrx_word' id='word_1_22' title='bbox 343 409 451 456; x_wconf 86' lang='lat' dir='ltr'>demortui</span> <span class='ocrx_word' id='word_1_23' title='bbox 464 410 492 459; x_wconf 85' lang='lat' dir='ltr'><strong>C.</strong></span> <span class='ocrx_word' id='word_1_24' title='bbox 503 411 623 458; x_wconf 76' lang='lat' dir='ltr'><strong>Laetorius.</strong></span> <span class='ocrx_word' id='word_1_25' title='bbox 660 411 759 461; x_wconf 84' lang='lat' dir='ltr'><strong>Causam</strong></span> 
     </span>
     <span class='ocr_line' id='line_1_5' title="bbox 80 471 758 534; baseline 0.012 -17"><span class='ocrx_word' id='word_1_26' title='bbox 80 471 216 534; x_wconf 82' lang='lat' dir='ltr'><strong>inaugurari</strong></span> <span class='ocrx_word' id='word_1_27' title='bbox 236 473 306 519; x_wconf 88' lang='lat' dir='ltr'><strong>coacti</strong></span> <span class='ocrx_word' id='word_1_28' title='bbox 326 472 420 520; x_wconf 87' lang='lat' dir='ltr'><strong>flaminis</strong></span> <span class='ocrx_word' id='word_1_29' title='bbox 438 476 509 522; x_wconf 87' lang='lat' dir='ltr'><strong>libens</strong></span> <span class='ocrx_word' id='word_1_30' title='bbox 525 476 668 531; x_wconf 84' lang='lat' dir='ltr'><strong>reticuisaem,</strong></span> <span class='ocrx_word' id='word_1_31' title='bbox 690 479 713 523; x_wconf 93' lang='lat' dir='ltr'><strong>ni</strong></span> <span class='ocrx_word' id='word_1_32' title='bbox 729 493 758 525; x_wconf 84' lang='lat' dir='ltr'><strong>ex</strong></span> 
     </span>
     <span class='ocr_line' id='line_1_6' title="bbox 81 535 759 605; baseline 0.004 -23"><span class='ocrx_word' id='word_1_33' title='bbox 81 536 141 584; x_wconf 80' lang='lat' dir='ltr'><strong>mali</strong></span> <span class='ocrx_word' id='word_1_34' title='bbox 151 535 215 583; x_wconf 74' lang='lat' dir='ltr'><strong>sami</strong></span> <span class='ocrx_word' id='word_1_35' title='bbox 223 537 247 582; x_wconf 88' lang='lat' dir='ltr'><strong>in</strong></span> <span class='ocrx_word' id='word_1_36' title='bbox 254 537 335 584; x_wconf 85' lang='lat' dir='ltr'><strong>bonam</strong></span> <span class='ocrx_word' id='word_1_37' title='bbox 344 539 453 586; x_wconf 85' lang='lat' dir='ltr'><strong>vertisset.</strong></span> <span class='ocrx_word' id='word_1_38' title='bbox 479 539 515 587; x_wconf 90' lang='lat' dir='ltr'><strong>Ob</strong></span> <span class='ocrx_word' id='word_1_39' title='bbox 523 541 692 587; x_wconf 86' lang='lat' dir='ltr'><strong>adolescentiam</strong></span> <span class='ocrx_word' id='word_1_40' title='bbox 701 557 759 605; x_wconf 79' lang='lat' dir='ltr'><strong>neg-</strong></span> 
     </span>
     <span class='ocr_line' id='line_1_7' title="bbox 79 599 759 668; baseline 0.012 -23"><span class='ocrx_word' id='word_1_41' title='bbox 79 599 194 664; x_wconf 75' lang='lat' dir='ltr'><strong>ligentem</strong></span> <span class='ocrx_word' id='word_1_42' title='bbox 208 599 391 663; x_wconf 69' lang='lat' dir='ltr'><strong>luxuriosamque</strong></span> <span class='ocrx_word' id='word_1_43' title='bbox 407 602 435 651; x_wconf 88' lang='lat' dir='ltr'><strong>C.</strong></span> <span class='ocrx_word' id='word_1_44' title='bbox 446 603 541 651; x_wconf 71' lang='lat' dir='ltr'><strong>I⁴⁷lmcus</strong></span> <span class='ocrx_word' id='word_1_45' title='bbox 555 604 637 652; x_wconf 87' lang='lat' dir='ltr'><strong>flamen</strong></span> <span class='ocrx_word' id='word_1_46' title='bbox 651 613 729 668; x_wconf 86' lang='lat' dir='ltr'><strong>captus</strong></span> <span class='ocrx_word' id='word_1_47' title='bbox 744 622 759 654; x_wconf 86' lang='lat' dir='ltr'><strong>a</strong></span> 
     </span>
     <span class='ocr_line' id='line_1_8' title="bbox 81 663 758 728; baseline 0.009 -17"><span class='ocrx_word' id='word_1_48' title='bbox 81 663 109 711; x_wconf 80' lang='lat' dir='ltr'><strong>P.</strong></span> <span class='ocrx_word' id='word_1_49' title='bbox 124 663 218 712; x_wconf 90' lang='lat' dir='ltr'><strong>Licinio</strong></span> <span class='ocrx_word' id='word_1_50' title='bbox 238 666 343 728; x_wconf 86' lang='lat' dir='ltr'><strong>pontifice</strong></span> <span class='ocrx_word' id='word_1_51' title='bbox 361 668 458 714; x_wconf 88' lang='lat' dir='ltr'><strong>maximo</strong></span> <span class='ocrx_word' id='word_1_52' title='bbox 476 677 530 722; x_wconf 80' lang='lat' dir='ltr'><strong>erat,</strong></span> <span class='ocrx_word' id='word_1_53' title='bbox 551 668 579 715; x_wconf 81' lang='lat' dir='ltr'>L</span> <span class='ocrx_word' id='word_1_54' title='bbox 595 669 677 716; x_wconf 82' lang='lat' dir='ltr'><strong>Flacco</strong></span> <span class='ocrx_word' id='word_1_55' title='bbox 694 669 758 717; x_wconf 83' lang='lat' dir='ltr'><strong>fratri</strong></span> 
     </span>
    </p>

    <p class='ocr_par' dir='ltr' id='par_1_3' title="bbox 72 730 758 1760">
     <span class='ocr_line' id='line_1_9' title="bbox 179 730 755 792; baseline 0.009 -16"><span class='ocrx_word' id='word_1_56' title='bbox 179 745 201 784; x_wconf 92' lang='lat' dir='ltr'><strong>o,</strong></span> <span class='ocrx_word' id='word_1_57' title='bbox 223 730 369 792; x_wconf 72' lang='lat' dir='ltr'><strong>cognatisque</strong></span> <span class='ocrx_word' id='word_1_58' title='bbox 384 733 437 786; x_wconf 89' lang='lat' dir='ltr'><strong>aliis,</strong></span> <span class='ocrx_word' id='word_1_59' title='bbox 456 734 485 778; x_wconf 95' lang='lat' dir='ltr'><strong>ob</strong></span> <span class='ocrx_word' id='word_1_60' title='bbox 498 734 576 780; x_wconf 88' lang='lat' dir='ltr'><strong>eadem</strong></span> <span class='ocrx_word' id='word_1_61' title='bbox 594 734 647 780; x_wconf 86' lang='lat' dir='ltr'><strong>vitia</strong></span> <span class='ocrx_word' id='word_1_62' title='bbox 662 735 755 782; x_wconf 82' lang='lat' dir='ltr'><strong>inrisus.</strong></span> 
     </span>
     <span class='ocr_line' id='line_1_10' title="bbox 96 795 757 857; baseline 0.008 -17"><span class='ocrx_word' id='word_1_63' title='bbox 96 810 115 848; x_wconf 92' lang='lat' dir='ltr'><strong>s,</strong></span> <span class='ocrx_word' id='word_1_64' title='bbox 130 802 158 841; x_wconf 91' lang='lat' dir='ltr'><strong>ut</strong></span> <span class='ocrx_word' id='word_1_65' title='bbox 172 795 275 841; x_wconf 89' lang='lat' dir='ltr'><strong>animum</strong></span> <span class='ocrx_word' id='word_1_66' title='bbox 290 795 338 857; x_wconf 86' lang='lat' dir='ltr'><strong>ejus</strong></span> <span class='ocrx_word' id='word_1_67' title='bbox 352 811 405 842; x_wconf 90' lang='lat' dir='ltr'><strong>cura</strong></span> <span class='ocrx_word' id='word_1_68' title='bbox 419 813 532 843; x_wconf 85' lang='lat' dir='ltr'><strong>sacrorum</strong></span> <span class='ocrx_word' id='word_1_69' title='bbox 547 806 570 844; x_wconf 83' lang='lat' dir='ltr'><strong>et</strong></span> <span class='ocrx_word' id='word_1_70' title='bbox 580 799 757 845; x_wconf 76' lang='lat' dir='ltr'><strong>caerimoniarum</strong></span> 
     </span>
     <span class='ocr_line' id='line_1_11' title="bbox 81 859 758 922; baseline 0.009 -18"><span class='ocrx_word' id='word_1_71' title='bbox 81 859 148 920; x_wconf 84' lang='lat' dir='ltr'><strong>oepit,</strong></span> <span class='ocrx_word' id='word_1_72' title='bbox 166 860 200 905; x_wconf 92' lang='lat' dir='ltr'><strong>ita</strong></span> <span class='ocrx_word' id='word_1_73' title='bbox 211 866 302 920; x_wconf 88' lang='lat' dir='ltr'><strong>repente</strong></span> <span class='ocrx_word' id='word_1_74' title='bbox 312 860 373 906; x_wconf 80' lang='lat' dir='ltr'><strong>exuit</strong></span> <span class='ocrx_word' id='word_1_75' title='bbox 384 862 487 922; x_wconf 88' lang='lat' dir='ltr'><strong>antiquos</strong></span> <span class='ocrx_word' id='word_1_76' title='bbox 498 876 579 916; x_wconf 89' lang='lat' dir='ltr'><strong>mores,</strong></span> <span class='ocrx_word' id='word_1_77' title='bbox 596 871 621 909; x_wconf 88' lang='lat' dir='ltr'><strong>ut</strong></span> <span class='ocrx_word' id='word_1_78' title='bbox 631 877 698 910; x_wconf 84' lang='lat' dir='ltr'><strong>uerno</strong></span> <span class='ocrx_word' id='word_1_79' title='bbox 708 862 758 911; x_wconf 76' lang='lat' dir='ltr'><strong>tota</strong></span> 
     </span>
     <span class='ocr_line' id='line_1_12' title="bbox 81 924 756 989; baseline 0.009 -20"><span class='ocrx_word' id='word_1_80' title='bbox 81 924 88 936; x_wconf 83' lang='lat'>&#39;</span> <span class='ocrx_word' id='word_1_81' title='bbox 104 931 202 970; x_wconf 88' lang='lat' dir='ltr'><strong>ventute</strong></span> <span class='ocrx_word' id='word_1_82' title='bbox 222 925 338 970; x_wconf 82' lang='lat' dir='ltr'>haberetur</span> <span class='ocrx_word' id='word_1_83' title='bbox 352 925 418 986; x_wconf 84' lang='lat' dir='ltr'><strong>prior,</strong></span> <span class='ocrx_word' id='word_1_84' title='bbox 440 941 482 972; x_wconf 87' lang='lat' dir='ltr'><strong>nec</strong></span> <span class='ocrx_word' id='word_1_85' title='bbox 497 928 609 987; x_wconf 75' lang='lat' dir='ltr'>probatior</span> <span class='ocrx_word' id='word_1_86' title='bbox 624 928 756 989; x_wconf 85' lang='lat' dir='ltr'><strong>primonbua</strong></span> 
     </span>
     <span class='ocr_line' id='line_1_13' title="bbox 78 937 757 1055; baseline 0.01 -22"><span class='ocrx_word' id='word_1_87' title='bbox 78 937 188 1041; x_wconf 32' lang='lat' dir='ltr'><strong>batuam,</strong></span> <span class='ocrx_word' id='word_1_88' title='bbox 205 989 252 1034; x_wconf 85' lang='lat' dir='ltr'><strong>suis</strong></span> <span class='ocrx_word' id='word_1_89' title='bbox 265 989 346 1050; x_wconf 83' lang='lat' dir='ltr'><strong>pariter</strong></span> <span class='ocrx_word' id='word_1_90' title='bbox 358 989 484 1050; x_wconf 76' lang='lat' dir='ltr'><strong>alienisque,</strong></span> <span class='ocrx_word' id='word_1_91' title='bbox 500 998 567 1038; x_wconf 80' lang='lat' dir='ltr'><strong>esset.</strong></span> <span class='ocrx_word' id='word_1_92' title='bbox 602 990 680 1055; x_wconf 90' lang='lat' dir='ltr'><strong>Hujus</strong></span> <span class='ocrx_word' id='word_1_93' title='bbox 689 993 757 1040; x_wconf 73' lang='lat' dir='ltr'><strong>damae</strong></span> 
     </span>
     <span class='ocr_line' id='line_1_14' title="bbox 83 1053 756 1116; baseline 0.01 -18"><span class='ocrx_word' id='word_1_94' title='bbox 83 1067 198 1099; x_wconf 84' lang='lat' dir='ltr'><strong>consensu</strong></span> <span class='ocrx_word' id='word_1_95' title='bbox 213 1053 285 1098; x_wconf 88' lang='lat' dir='ltr'><strong>elatus</strong></span> <span class='ocrx_word' id='word_1_96' title='bbox 301 1054 329 1100; x_wconf 90' lang='lat' dir='ltr'><strong>sd</strong></span> <span class='ocrx_word' id='word_1_97' title='bbox 342 1055 426 1116; x_wconf 82' lang='lat' dir='ltr'><strong>justam</strong></span> <span class='ocrx_word' id='word_1_98' title='bbox 442 1054 545 1102; x_wconf 88' lang='lat' dir='ltr'><strong>fiduciam</strong></span> <span class='ocrx_word' id='word_1_99' title='bbox 562 1057 604 1109; x_wconf 88' lang='lat' dir='ltr'><strong>aui,</strong></span> <span class='ocrx_word' id='word_1_100' title='bbox 623 1072 671 1103; x_wconf 87' lang='lat' dir='ltr'><strong>rem</strong></span> <span class='ocrx_word' id='word_1_101' title='bbox 686 1058 756 1106; x_wconf 81' lang='lat' dir='ltr'><strong>inter·</strong></span> 
     </span>
     <span class='ocr_line' id='line_1_15' title="bbox 82 1117 754 1182; baseline 0.01 -21"><span class='ocrx_word' id='word_1_102' title='bbox 82 1117 175 1163; x_wconf 85' lang='lat' dir='ltr'><strong>misaam</strong></span> <span class='ocrx_word' id='word_1_103' title='bbox 190 1133 231 1178; x_wconf 86' lang='lat' dir='ltr'><strong>per</strong></span> <span class='ocrx_word' id='word_1_104' title='bbox 245 1117 329 1164; x_wconf 87' lang='lat' dir='ltr'><strong>multos</strong></span> <span class='ocrx_word' id='word_1_105' title='bbox 342 1133 413 1164; x_wconf 91' lang='lat' dir='ltr'><strong>annos</strong></span> <span class='ocrx_word' id='word_1_106' title='bbox 427 1121 456 1165; x_wconf 90' lang='lat' dir='ltr'><strong>ob</strong></span> <span class='ocrx_word' id='word_1_107' title='bbox 469 1119 624 1182; x_wconf 75' lang='lat' dir='ltr'><strong>indignitatem</strong></span> <span class='ocrx_word' id='word_1_108' title='bbox 638 1121 754 1168; x_wconf 87' lang='lat' dir='ltr'><strong>flaminum</strong></span> 
     </span>
     <span class='ocr_line' id='line_1_16' title="bbox 83 1182 755 1247; baseline 0.009 -20"><span class='ocrx_word' id='word_1_109' title='bbox 83 1182 183 1242; x_wconf 85' lang='lat' dir='ltr'><strong>priorum</strong></span> <span class='ocrx_word' id='word_1_110' title='bbox 193 1182 303 1243; x_wconf 63' lang='lat' dir='ltr'><strong>repetivit,</strong></span> <span class='ocrx_word' id='word_1_111' title='bbox 315 1190 340 1228; x_wconf 91' lang='lat' dir='ltr'><strong>ut</strong></span> <span class='ocrx_word' id='word_1_112' title='bbox 348 1183 370 1228; x_wconf 94' lang='lat' dir='ltr'><strong>in</strong></span> <span class='ocrx_word' id='word_1_113' title='bbox 380 1191 481 1230; x_wconf 87' lang='lat' dir='ltr'><strong>senatum</strong></span> <span class='ocrx_word' id='word_1_114' title='bbox 489 1184 597 1230; x_wconf 77' lang='lat' dir='ltr'><strong>introiret.</strong></span> <span class='ocrx_word' id='word_1_115' title='bbox 624 1183 755 1247; x_wconf 79' lang='lat' dir='ltr'><strong>Ingressum</strong></span> 
     </span>
     <span class='ocr_line' id='line_1_17' title="bbox 83 1245 754 1310; baseline 0.007 -18"><span class='ocrx_word' id='word_1_116' title='bbox 83 1261 134 1292; x_wconf 86' lang='lat' dir='ltr'><strong>earn</strong></span> <span class='ocrx_word' id='word_1_117' title='bbox 148 1246 234 1292; x_wconf 88' lang='lat' dir='ltr'><strong>curiam</strong></span> <span class='ocrx_word' id='word_1_118' title='bbox 250 1261 300 1292; x_wconf 89' lang='lat' dir='ltr'><strong>cum</strong></span> <span class='ocrx_word' id='word_1_119' title='bbox 316 1245 344 1292; x_wconf 84' lang='lat' dir='ltr'>L</span> <span class='ocrx_word' id='word_1_120' title='bbox 356 1246 456 1294; x_wconf 89' lang='lat' dir='ltr'><strong>Licinius</strong></span> <span class='ocrx_word' id='word_1_121' title='bbox 470 1257 554 1310; x_wconf 74' lang='lat' dir='ltr'><strong>praetor</strong></span> <span class='ocrx_word' id='word_1_122' title='bbox 567 1250 619 1295; x_wconf 88' lang='lat' dir='ltr'><strong>inde</strong></span> <span class='ocrx_word' id='word_1_123' title='bbox 633 1251 754 1306; x_wconf 63' lang='lat' dir='ltr'><strong>sonasset,</strong></span> 
     </span>
     <span class='ocr_line' id='line_1_18' title="bbox 72 1311 754 1377; baseline 0.009 -21"><span class='ocrx_word' id='word_1_124' title='bbox 72 1311 187 1374; x_wconf 70' lang='lat' dir='ltr'><strong>¹tribunos</strong></span> <span class='ocrx_word' id='word_1_125' title='bbox 197 1311 266 1372; x_wconf 86' lang='lat' dir='ltr'><strong>plebis</strong></span> <span class='ocrx_word' id='word_1_126' title='bbox 276 1312 394 1373; x_wconf 86' lang='lat' dir='ltr'><strong>appellavit</strong></span> <span class='ocrx_word' id='word_1_127' title='bbox 407 1311 496 1359; x_wconf 84' lang='lat' dir='ltr'><strong>flamen.</strong></span> <span class='ocrx_word' id='word_1_128' title='bbox 532 1314 654 1360; x_wconf 86' lang='lat' dir='ltr'><strong>Vetustum</strong></span> <span class='ocrx_word' id='word_1_129' title='bbox 665 1315 704 1377; x_wconf 87' lang='lat' dir='ltr'><strong>jus</strong></span> <span class='ocrx_word' id='word_1_130' title='bbox 719 1331 754 1362; x_wconf 86' lang='lat' dir='ltr'><strong>aa·</strong></span> 
     </span>
     <span class='ocr_line' id='line_1_19' title="bbox 83 1375 755 1441; baseline 0.01 -20"><span class='ocrx_word' id='word_1_131' title='bbox 83 1375 176 1422; x_wconf 87' lang='lat' dir='ltr'><strong>cerdotii</strong></span> <span class='ocrx_word' id='word_1_132' title='bbox 192 1376 315 1438; x_wconf 81' lang='lat' dir='ltr'><strong>repetebat:</strong></span> <span class='ocrx_word' id='word_1_133' title='bbox 338 1376 413 1422; x_wconf 90' lang='lat' dir='ltr'><strong>datum</strong></span> <span class='ocrx_word' id='word_1_134' title='bbox 428 1377 451 1422; x_wconf 92' lang='lat' dir='ltr'><strong>id</strong></span> <span class='ocrx_word' id='word_1_135' title='bbox 466 1392 517 1424; x_wconf 89' lang='lat' dir='ltr'><strong>curn</strong></span> <span class='ocrx_word' id='word_1_136' title='bbox 531 1376 586 1440; x_wconf 79' lang='lat' dir='ltr'><strong>tegi</strong></span> <span class='ocrx_word' id='word_1_137' title='bbox 599 1378 714 1441; x_wconf 74' lang='lat' dir='ltr'><strong>praetexti,</strong></span> <span class='ocrx_word' id='word_1_138' title='bbox 730 1388 755 1428; x_wconf 85' lang='lat' dir='ltr'><strong>st</strong></span> 
     </span>
     <span class='ocr_line' id='line_1_20' title="bbox 83 1439 754 1496; baseline 0.007 -10"><span class='ocrx_word' id='word_1_139' title='bbox 83 1439 137 1486; x_wconf 76' lang='lat' dir='ltr'><strong>sellai</strong></span> <span class='ocrx_word' id='word_1_140' title='bbox 152 1440 232 1493; x_wconf 87' lang='lat' dir='ltr'><strong>curuli,</strong></span> <span class='ocrx_word' id='word_1_141' title='bbox 250 1448 273 1486; x_wconf 92' lang='lat' dir='ltr'><strong>et</strong></span> <span class='ocrx_word' id='word_1_142' title='bbox 285 1440 383 1487; x_wconf 87' lang='lat' dir='ltr'><strong>flaminio</strong></span> <span class='ocrx_word' id='word_1_143' title='bbox 396 1457 452 1488; x_wconf 84' lang='lat' dir='ltr'><strong>esse.</strong></span> <span class='ocrx_word' id='word_1_144' title='bbox 489 1441 584 1496; x_wconf 80' lang='lat' dir='ltr'><strong>Praetor,</strong></span> <span class='ocrx_word' id='word_1_145' title='bbox 600 1458 646 1488; x_wconf 91' lang='lat' dir='ltr'><strong>non</strong></span> <span class='ocrx_word' id='word_1_146' title='bbox 660 1445 754 1492; x_wconf 74' lang='lat' dir='ltr'><strong>exoletis</strong></span> 
     </span>
     <span class='ocr_line' id='line_1_21' title="bbox 82 1505 756 1570; baseline 0.004 -19"><span class='ocrx_word' id='word_1_147' title='bbox 82 1511 196 1551; x_wconf 84' lang='lat' dir='ltr'><strong>vetustate</strong></span> <span class='ocrx_word' id='word_1_148' title='bbox 212 1505 323 1550; x_wconf 88' lang='lat' dir='ltr'><strong>annalium</strong></span> <span class='ocrx_word' id='word_1_149' title='bbox 340 1507 446 1566; x_wconf 86' lang='lat' dir='ltr'><strong>exemplis</strong></span> <span class='ocrx_word' id='word_1_150' title='bbox 461 1513 520 1552; x_wconf 85' lang='lat' dir='ltr'><strong>stare</strong></span> <span class='ocrx_word' id='word_1_151' title='bbox 531 1509 577 1570; x_wconf 91' lang='lat' dir='ltr'><strong>jus,</strong></span> <span class='ocrx_word' id='word_1_152' title='bbox 594 1508 634 1553; x_wconf 82' lang='lat' dir='ltr'><strong>sed</strong></span> <span class='ocrx_word' id='word_1_153' title='bbox 648 1511 756 1554; x_wconf 86' lang='lat' dir='ltr'><strong>recentis-</strong></span> 
     </span>
     <span class='ocr_line' id='line_1_22' title="bbox 83 1567 754 1633; baseline 0.004 -17"><span class='ocrx_word' id='word_1_154' title='bbox 83 1569 146 1616; x_wconf 83' lang='lat' dir='ltr'><strong>simae</strong></span> <span class='ocrx_word' id='word_1_155' title='bbox 154 1570 263 1632; x_wconf 84' lang='lat' dir='ltr'><strong>cujusque</strong></span> <span class='ocrx_word' id='word_1_156' title='bbox 271 1569 436 1615; x_wconf 77' lang='lat' dir='ltr'><strong>consuetudinis</strong></span> <span class='ocrx_word' id='word_1_157' title='bbox 444 1585 493 1623; x_wconf 82' lang='lat' dir='ltr'><strong>usu,</strong></span> <span class='ocrx_word' id='word_1_158' title='bbox 503 1571 603 1630; x_wconf 83' lang='lat' dir='ltr'><strong>volebat3</strong></span> <span class='ocrx_word' id='word_1_159' title='bbox 617 1567 658 1618; x_wconf 83' lang='lat' dir='ltr'><strong>nec</strong></span> <span class='ocrx_word' id='word_1_160' title='bbox 666 1580 754 1633; x_wconf 88' lang='lat' dir='ltr'><strong>patrum</strong></span> 
     </span>
     <span class='ocr_line' id='line_1_23' title="bbox 82 1629 754 1699; baseline 0.007 -21"><span class='ocrx_word' id='word_1_161' title='bbox 82 1629 124 1680; x_wconf 75' lang='lat' dir='ltr'><strong>nec</strong></span> <span class='ocrx_word' id='word_1_162' title='bbox 135 1649 230 1680; x_wconf 81' lang='lat' dir='ltr'><strong>avorum</strong></span> <span class='ocrx_word' id='word_1_163' title='bbox 241 1629 349 1679; x_wconf 78' lang='lat' dir='ltr'><strong>memoriis</strong></span> <span class='ocrx_word' id='word_1_164' title='bbox 359 1632 449 1680; x_wconf 80' lang='lat' dir='ltr'><strong>Dialem</strong></span> <span class='ocrx_word' id='word_1_165' title='bbox 461 1649 594 1696; x_wconf 88' lang='lat' dir='ltr'><strong>quemquam</strong></span> <span class='ocrx_word' id='word_1_166' title='bbox 604 1636 627 1681; x_wconf 86' lang='lat' dir='ltr'><strong>id</strong></span> <span class='ocrx_word' id='word_1_167' title='bbox 637 1637 676 1699; x_wconf 85' lang='lat' dir='ltr'><strong>jus</strong></span> <span class='ocrx_word' id='word_1_168' title='bbox 688 1651 754 1683; x_wconf 87' lang='lat' dir='ltr'><strong>usur-</strong></span> 
     </span>
     <span class='ocr_line' id='line_1_24' title="bbox 82 1697 751 1760; baseline 0.006 -16"><span class='ocrx_word' id='word_1_169' title='bbox 82 1697 153 1760; x_wconf 82' lang='lat' dir='ltr'><strong>pisse.</strong></span> <span class='ocrx_word' id='word_1_170' title='bbox 190 1697 292 1750; x_wconf 85' lang='lat' dir='ltr'><strong>Tribuni,</strong></span> <span class='ocrx_word' id='word_1_171' title='bbox 310 1713 364 1751; x_wconf 87' lang='lat' dir='ltr'><strong>renr,</strong></span> <span class='ocrx_word' id='word_1_172' title='bbox 381 1697 461 1745; x_wconf 76' lang='lat' dir='ltr'><strong>inertii</strong></span> <span class='ocrx_word' id='word_1_173' title='bbox 477 1698 591 1746; x_wconf 86' lang='lat' dir='ltr'><strong>flaminum</strong></span> <span class='ocrx_word' id='word_1_174' title='bbox 607 1701 751 1757; x_wconf 84' lang='lat' dir='ltr'><strong>obliteratam,</strong></span> 
     </span>
    </p>
   </div>
   <div class='ocr_carea' id='block_1_3' title="bbox 7 1762 753 1825">
    <p class='ocr_par' dir='ltr' id='par_1_4' title="bbox 7 1762 753 1825">
     <span class='ocr_line' id='line_1_25' title="bbox 7 1762 753 1825; baseline 0.008 -18"><span class='ocrx_word' id='word_1_175' title='bbox 7 1767 8 1770; x_wconf 78' lang='grc'>’</span> <span class='ocrx_word' id='word_1_176' title='bbox 81 1763 142 1824; x_wconf 83' lang='lat' dir='ltr'><strong>ipsis,</strong></span> <span class='ocrx_word' id='word_1_177' title='bbox 155 1776 202 1808; x_wconf 91' lang='lat' dir='ltr'><strong>non</strong></span> <span class='ocrx_word' id='word_1_178' title='bbox 214 1762 343 1816; x_wconf 87' lang='lat' dir='ltr'><strong>sacerdotio,</strong></span> <span class='ocrx_word' id='word_1_179' title='bbox 358 1762 439 1809; x_wconf 83' lang='lat' dir='ltr'><strong>damno</strong></span> <span class='ocrx_word' id='word_1_180' title='bbox 449 1763 526 1817; x_wconf 83' lang='lat' dir='ltr'><strong>fuisse,</strong></span> <span class='ocrx_word' id='word_1_181' title='bbox 538 1780 589 1810; x_wconf 88' lang='lat' dir='ltr'><strong>corn</strong></span> <span class='ocrx_word' id='word_1_182' title='bbox 600 1780 688 1825; x_wconf 73' lang='lat' dir='ltr'><strong>equum</strong></span> <span class='ocrx_word' id='word_1_183' title='bbox 699 1781 753 1813; x_wconf 87' lang='lat' dir='ltr'><strong>cen·</strong></span> 
     </span>
    </p>
   </div>
   <div class='ocr_carea' id='block_1_4' title="bbox 78 1827 792 2730">
    <p class='ocr_par' dir='ltr' id='par_1_5' title="bbox 78 1827 792 2730">
     <span class='ocr_line' id='line_1_26' title="bbox 83 1827 751 1892; baseline 0.007 -20"><span class='ocrx_word' id='word_1_184' title='bbox 83 1828 186 1880; x_wconf 75' lang='lat' dir='ltr'><strong>amarem,</strong></span> <span class='ocrx_word' id='word_1_185' title='bbox 208 1841 237 1873; x_wconf 90' lang='lat' dir='ltr'><strong>ne</strong></span> <span class='ocrx_word' id='word_1_186' title='bbox 255 1827 303 1888; x_wconf 84' lang='lat' dir='ltr'><strong>ipso</strong></span> <span class='ocrx_word' id='word_1_187' title='bbox 322 1827 411 1887; x_wconf 74' lang='lat' dir='ltr'><strong>quiden</strong></span> <span class='ocrx_word' id='word_1_188' title='bbox 430 1835 509 1874; x_wconf 85' lang='lat' dir='ltr'><strong>contra</strong></span> <span class='ocrx_word' id='word_1_189' title='bbox 527 1829 632 1875; x_wconf 81' lang='lat' dir='ltr'><strong>tendente</strong></span> <span class='ocrx_word' id='word_1_190' title='bbox 647 1838 751 1892; x_wconf 72' lang='lat' dir='ltr'><strong>pretore,</strong></span> 
     </span>
     <span class='ocr_line' id='line_1_27' title="bbox 82 1890 753 1953; baseline 0.004 -15"><span class='ocrx_word' id='word_1_191' title='bbox 82 1907 165 1953; x_wconf 84' lang='lat' dir='ltr'><strong>magno</strong></span> <span class='ocrx_word' id='word_1_192' title='bbox 176 1906 269 1938; x_wconf 84' lang='lat' dir='ltr'><strong>assensu</strong></span> <span class='ocrx_word' id='word_1_193' title='bbox 281 1890 374 1937; x_wconf 75' lang='lat' dir='ltr'><strong>Petrum</strong></span> <span class='ocrx_word' id='word_1_194' title='bbox 388 1892 508 1952; x_wconf 85' lang='lat' dir='ltr'><strong>plebisque,</strong></span> <span class='ocrx_word' id='word_1_195' title='bbox 523 1891 635 1938; x_wconf 81' lang='lat' dir='ltr'><strong>ilarrrinem</strong></span> <span class='ocrx_word' id='word_1_196' title='bbox 650 1894 674 1940; x_wconf 90' lang='lat' dir='ltr'><strong>in</strong></span> <span class='ocrx_word' id='word_1_197' title='bbox 688 1909 753 1941; x_wconf 86' lang='lat' dir='ltr'><strong>aena·</strong></span> 
     </span>
     <span class='ocr_line' id='line_1_28' title="bbox 82 1954 792 2020; baseline 0.004 -18"><span class='ocrx_word' id='word_1_198' title='bbox 82 1956 323 2013; x_wconf 87' lang='lat' dir='ltr'><strong>tumintroduxerunt;</strong></span> <span class='ocrx_word' id='word_1_199' title='bbox 337 1957 478 2009; x_wconf 77' lang='lat' dir='ltr'><strong>omnibusita</strong></span> <span class='ocrx_word' id='word_1_200' title='bbox 484 1957 667 2010; x_wconf 82' lang='lat' dir='ltr'><strong>erdstimaotibus,</strong></span> <span class='ocrx_word' id='word_1_201' title='bbox 679 1959 752 2020; x_wconf 78' lang='lat' dir='ltr'><strong>magis</strong></span> <span class='ocrx_word' id='word_1_202' title='bbox 788 1954 792 1965; x_wconf 92' lang='lat'><em>&#39;</em></span> 
     </span>
     <span class='ocr_line' id='line_1_29' title="bbox 83 2021 752 2082; baseline 0.003 -15"><span class='ocrx_word' id='word_1_203' title='bbox 83 2021 200 2067; x_wconf 75' lang='lat' dir='ltr'><strong>sanctitate</strong></span> <span class='ocrx_word' id='word_1_204' title='bbox 210 2021 271 2073; x_wconf 86' lang='lat' dir='ltr'><strong>vitae,</strong></span> <span class='ocrx_word' id='word_1_205' title='bbox 287 2035 354 2080; x_wconf 85' lang='lat' dir='ltr'><strong>quarn</strong></span> <span class='ocrx_word' id='word_1_206' title='bbox 365 2021 481 2066; x_wconf 89' lang='lat' dir='ltr'><strong>sacerdotii</strong></span> <span class='ocrx_word' id='word_1_207' title='bbox 488 2022 547 2082; x_wconf 84' lang='lat' dir='ltr'><strong>jure,</strong></span> <span class='ocrx_word' id='word_1_208' title='bbox 561 2037 608 2067; x_wconf 90' lang='lat' dir='ltr'><strong>rem</strong></span> <span class='ocrx_word' id='word_1_209' title='bbox 620 2037 668 2068; x_wconf 86' lang='lat' dir='ltr'><strong>eam</strong></span> <span class='ocrx_word' id='word_1_210' title='bbox 680 2022 752 2069; x_wconf 86' lang='lat' dir='ltr'><strong>flami·</strong></span> 
     </span>
     <span class='ocr_line' id='line_1_30' title="bbox 83 2082 751 2148; baseline 0.007 -18"><span class='ocrx_word' id='word_1_211' title='bbox 83 2099 133 2132; x_wconf 87' lang='lat' dir='ltr'><strong>nem</strong></span> <span class='ocrx_word' id='word_1_212' title='bbox 148 2085 277 2131; x_wconf 82' lang='lat' dir='ltr'><strong>obtinuisse.</strong></span> <span class='ocrx_word' id='word_1_213' title='bbox 314 2082 431 2137; x_wconf 84' lang='lat' dir='ltr'><strong>Consules,</strong></span> <span class='ocrx_word' id='word_1_214' title='bbox 446 2084 573 2148; x_wconf 79' lang='lat' dir='ltr'><strong>priusquam</strong></span> <span class='ocrx_word' id='word_1_215' title='bbox 588 2086 611 2131; x_wconf 89' lang='lat' dir='ltr'><strong>in</strong></span> <span class='ocrx_word' id='word_1_216' title='bbox 625 2087 751 2147; x_wconf 80' lang='lat' dir='ltr'><strong>provincias</strong></span> 
     </span>
     <span class='ocr_line' id='line_1_31' title="bbox 82 2149 752 2213; baseline 0.007 -18"><span class='ocrx_word' id='word_1_217' title='bbox 82 2150 146 2204; x_wconf 85' lang='lat' dir='ltr'><strong>irent,</strong></span> <span class='ocrx_word' id='word_1_218' title='bbox 158 2150 215 2195; x_wconf 87' lang='lat' dir='ltr'><strong>duas</strong></span> <span class='ocrx_word' id='word_1_219' title='bbox 225 2150 319 2195; x_wconf 85' lang='lat' dir='ltr'><strong>urbanas</strong></span> <span class='ocrx_word' id='word_1_220' title='bbox 327 2149 439 2210; x_wconf 57' lang='lat' dir='ltr'><strong>legionem</strong></span> <span class='ocrx_word' id='word_1_221' title='bbox 451 2151 475 2194; x_wconf 93' lang='lat' dir='ltr'><strong>in</strong></span> <span class='ocrx_word' id='word_1_222' title='bbox 483 2151 668 2212; x_wconf 82' lang='lat' dir='ltr'><strong>supplementum,</strong></span> <span class='ocrx_word' id='word_1_223' title='bbox 680 2150 752 2213; x_wconf 79' lang='lat' dir='ltr'><strong>quan·</strong></span> 
     </span>
     <span class='ocr_line' id='line_1_32' title="bbox 83 2215 752 2279; baseline 0.004 -18"><span class='ocrx_word' id='word_1_224' title='bbox 83 2221 130 2261; x_wconf 83' lang='lat' dir='ltr'><strong>tum</strong></span> <span class='ocrx_word' id='word_1_225' title='bbox 147 2229 203 2275; x_wconf 85' lang='lat' dir='ltr'><strong>opus</strong></span> <span class='ocrx_word' id='word_1_226' title='bbox 220 2220 267 2260; x_wconf 90' lang='lat' dir='ltr'><strong>erat</strong></span> <span class='ocrx_word' id='word_1_227' title='bbox 283 2215 369 2268; x_wconf 81' lang='lat' dir='ltr'><strong>caeteris</strong></span> <span class='ocrx_word' id='word_1_228' title='bbox 385 2215 517 2260; x_wconf 63' lang='lat' dir='ltr'><strong>mercinbus</strong></span> <span class='ocrx_word' id='word_1_229' title='bbox 534 2216 636 2270; x_wconf 85' lang='lat' dir='ltr'><strong>militum,</strong></span> <span class='ocrx_word' id='word_1_230' title='bbox 657 2218 752 2279; x_wconf 56' lang='lat' dir='ltr'><strong>serime-</strong></span> 
     </span>
     <span class='ocr_line' id='line_1_33' title="bbox 83 2277 752 2329; baseline 0.006 -4"><span class='ocrx_word' id='word_1_231' title='bbox 83 2285 139 2326; x_wconf 89' lang='lat' dir='ltr'><strong>runt.</strong></span> <span class='ocrx_word' id='word_1_232' title='bbox 177 2277 295 2325; x_wconf 87' lang='lat' dir='ltr'><strong>Urbanum</strong></span> <span class='ocrx_word' id='word_1_233' title='bbox 311 2285 409 2325; x_wconf 86' lang='lat' dir='ltr'><strong>veterem</strong></span> <span class='ocrx_word' id='word_1_234' title='bbox 426 2279 547 2325; x_wconf 87' lang='lat' dir='ltr'><strong>exercitum</strong></span> <span class='ocrx_word' id='word_1_235' title='bbox 564 2279 658 2327; x_wconf 83' lang='lat' dir='ltr'><strong>Fulvius</strong></span> <span class='ocrx_word' id='word_1_236' title='bbox 672 2284 752 2329; x_wconf 86' lang='lat' dir='ltr'><strong>consul</strong></span> 
     </span>
     <span class='ocr_line' id='line_1_34' title="bbox 78 2341 751 2406; baseline 0.003 -15"><span class='ocrx_word' id='word_1_237' title='bbox 78 2341 110 2392; x_wconf 68' lang='lat' dir='ltr'><strong>-Q</strong></span> <span class='ocrx_word' id='word_1_238' title='bbox 122 2342 204 2390; x_wconf 84' lang='lat' dir='ltr'><strong>Fulvio</strong></span> <span class='ocrx_word' id='word_1_239' title='bbox 216 2342 298 2389; x_wconf 85' lang='lat' dir='ltr'><strong>Flacco</strong></span> <span class='ocrx_word' id='word_1_240' title='bbox 308 2343 383 2404; x_wconf 82' lang='lat' dir='ltr'><strong>legato</strong></span> <span class='ocrx_word' id='word_1_241' title='bbox 398 2341 478 2406; x_wconf 80' lang='lat' dir='ltr'><strong>(irater</strong></span> <span class='ocrx_word' id='word_1_242' title='bbox 492 2345 639 2392; x_wconf 84' lang='lat' dir='ltr'><strong>hic&#39;consulis</strong></span> <span class='ocrx_word' id='word_1_243' title='bbox 653 2341 712 2406; x_wconf 85' lang='lat' dir='ltr'><strong>erat)</strong></span> <span class='ocrx_word' id='word_1_244' title='bbox 727 2347 751 2393; x_wconf 93' lang='lat' dir='ltr'><strong>in</strong></span> 
     </span>
     <span class='ocr_line' id='line_1_35' title="bbox 82 2405 752 2471; baseline 0.004 -15"><span class='ocrx_word' id='word_1_245' title='bbox 82 2405 196 2456; x_wconf 82' lang='lat' dir='ltr'><strong>Etruriam</strong></span> <span class='ocrx_word' id='word_1_246' title='bbox 205 2407 264 2454; x_wconf 89' lang='lat' dir='ltr'><strong>dedit</strong></span> <span class='ocrx_word' id='word_1_247' title='bbox 273 2407 405 2461; x_wconf 88' lang='lat' dir='ltr'><strong>ducendum,</strong></span> <span class='ocrx_word' id='word_1_248' title='bbox 418 2415 440 2454; x_wconf 93' lang='lat' dir='ltr'><strong>et</strong></span> <span class='ocrx_word' id='word_1_249' title='bbox 447 2409 555 2470; x_wconf 81' lang='lat' dir='ltr'><strong>legiones,</strong></span> <span class='ocrx_word' id='word_1_250' title='bbox 568 2425 618 2471; x_wconf 87' lang='lat' dir='ltr'><strong>quae</strong></span> <span class='ocrx_word' id='word_1_251' title='bbox 626 2410 649 2456; x_wconf 93' lang='lat' dir='ltr'><strong>in</strong></span> <span class='ocrx_word' id='word_1_252' title='bbox 657 2409 752 2459; x_wconf 78' lang='lat' dir='ltr'><strong>Etnrrii</strong></span> 
     </span>
     <span class='ocr_line' id='line_1_36' title="bbox 83 2471 750 2526; baseline 0.003 -7"><span class='ocrx_word' id='word_1_253' title='bbox 83 2479 150 2526; x_wconf 73' lang='lat' dir='ltr'><strong>mant,</strong></span> <span class='ocrx_word' id='word_1_254' title='bbox 166 2471 265 2519; x_wconf 84' lang='lat' dir='ltr'><strong>Romam</strong></span> <span class='ocrx_word' id='word_1_255' title='bbox 281 2471 426 2518; x_wconf 85' lang='lat' dir='ltr'><strong>deducendas.</strong></span> <span class='ocrx_word' id='word_1_256' title='bbox 461 2472 495 2518; x_wconf 87' lang='lat' dir='ltr'><strong>Et</strong></span> <span class='ocrx_word' id='word_1_257' title='bbox 511 2473 592 2521; x_wconf 82' lang='lat' dir='ltr'><strong>Fabius</strong></span> <span class='ocrx_word' id='word_1_258' title='bbox 606 2476 684 2523; x_wconf 87' lang='lat' dir='ltr'><strong>consul</strong></span> <span class='ocrx_word' id='word_1_259' title='bbox 699 2476 750 2521; x_wconf 85' lang='lat' dir='ltr'><strong>reli-</strong></span> 
     </span>
     <span class='ocr_line' id='line_1_37' title="bbox 82 2535 749 2602; baseline 0.001 -18"><span class='ocrx_word' id='word_1_260' title='bbox 82 2537 141 2599; x_wconf 87' lang='lat' dir='ltr'><strong>quias</strong></span> <span class='ocrx_word' id='word_1_261' title='bbox 154 2537 267 2584; x_wconf 86' lang='lat' dir='ltr'><strong>exercitds</strong></span> <span class='ocrx_word' id='word_1_262' title='bbox 281 2535 385 2583; x_wconf 80' lang='lat' dir='ltr'><strong>Fulviani</strong></span> <span class='ocrx_word' id='word_1_263' title='bbox 399 2537 534 2597; x_wconf 84' lang='lat' dir='ltr'><strong>conquisitas</strong></span> <span class='ocrx_word' id='word_1_264' title='bbox 548 2537 622 2602; x_wconf 68' lang='lat' dir='ltr'><strong>(diere</strong></span> <span class='ocrx_word' id='word_1_265' title='bbox 636 2548 710 2586; x_wconf 85' lang='lat' dir='ltr'><strong>autem</strong></span> <span class='ocrx_word' id='word_1_266' title='bbox 721 2541 749 2585; x_wconf 92' lang='lat' dir='ltr'><strong>ad</strong></span> 
     </span>
     <span class='ocr_line' id='line_1_38' title="bbox 82 2599 749 2661; baseline -0.001 -12"><span class='ocrx_word' id='word_1_267' title='bbox 82 2603 121 2649; x_wconf 87' lang='lat' dir='ltr'><strong>tria</strong></span> <span class='ocrx_word' id='word_1_268' title='bbox 134 2602 205 2649; x_wconf 89' lang='lat' dir='ltr'><strong>millia</strong></span> <span class='ocrx_word' id='word_1_269' title='bbox 217 2601 311 2648; x_wconf 88' lang='lat' dir='ltr'><strong>trecenti</strong></span> <span class='ocrx_word' id='word_1_270' title='bbox 326 2602 354 2646; x_wconf 90' lang='lat' dir='ltr'><strong>tri</strong></span> <span class='ocrx_word' id='word_1_271' title='bbox 372 2601 418 2647; x_wconf 94' lang='lat' dir='ltr'><strong>inta</strong></span> <span class='ocrx_word' id='word_1_272' title='bbox 430 2599 482 2661; x_wconf 90' lang='lat' dir='ltr'><strong>sex)</strong></span> <span class='ocrx_word' id='word_1_273' title='bbox 499 2601 531 2656; x_wconf 64' lang='lat' dir='ltr'><strong>Q„</strong></span> <span class='ocrx_word' id='word_1_274' title='bbox 540 2603 668 2650; x_wconf 83' lang='lat' dir='ltr'><strong>Maximum</strong></span> <span class='ocrx_word' id='word_1_275' title='bbox 678 2603 749 2648; x_wconf 85' lang='lat' dir='ltr'><strong>tilium</strong></span> 
     </span>
     <span class='ocr_line' id='line_1_39' title="bbox 83 2665 748 2730; baseline -0.005 -14"><span class='ocrx_word' id='word_1_276' title='bbox 83 2666 157 2716; x_wconf 83' lang='lat' dir='ltr'><strong>ducere</strong></span> <span class='ocrx_word' id='word_1_277' title='bbox 163 2667 188 2714; x_wconf 92' lang='lat' dir='ltr'><strong>iu</strong></span> <span class='ocrx_word' id='word_1_278' title='bbox 197 2665 294 2716; x_wconf 83' lang='lat' dir='ltr'><strong>Siciliam</strong></span> <span class='ocrx_word' id='word_1_279' title='bbox 302 2665 331 2714; x_wconf 90' lang='lat' dir='ltr'><strong>ad</strong></span> <span class='ocrx_word' id='word_1_280' title='bbox 384 2665 501 2714; x_wconf 87' lang='lat' dir='ltr'><strong>Valerium</strong></span> <span class='ocrx_word' id='word_1_281' title='bbox 508 2668 664 2729; x_wconf 73' lang='lat' dir='ltr'><strong>proconsulum</strong></span> <span class='ocrx_word' id='word_1_282' title='bbox 668 2667 736 2730; x_wconf 86' lang='lat' dir='ltr'><strong>jussit</strong></span> <span class='ocrx_word' id='word_1_283' title='bbox 739 2682 748 2724; x_wconf 72' lang='grc' dir='ltr'><strong><em>ς</em></strong></span> 
     </span>
    </p>
   </div>
   <div class='ocr_carea' id='block_1_5' title="bbox 0 0 930 2917">
    <p class='ocr_par' dir='ltr' id='par_1_6' title="bbox 0 0 930 2917">
     <span class='ocr_line' id='line_1_40' title="bbox 0 0 930 2917; baseline 0 1"><span class='ocrx_word' id='word_1_284' title='bbox 0 0 930 2917; x_wconf 95' lang='lat' dir='ltr'><strong> </strong></span> 
     </span>
    </p>
   </div>
  </div>
 </body>
</html>
