1850 2917
211 159 242 242 'll
254 155 342 218 len
358 157 411 210 Lus.
425 161 590 212 nunes».
606 165 659 239 ¹⁸⁸„
714 168 766 217 379

93 301 205 353 regnum
228 291 253 337 in
271 306 324 353 quo,
346 300 398 355 post
416 293 541 355 Syphacem
557 291 675 345 sublatum,
692 295 713 340 'si
729 294 762 344 ita
855 289 861 299 ’

93 350 198 402 Patribus
212 356 292 402 visumv
301 366 366 411 esset,
384 359 431 404 sine
447 366 509 404 metu
526 365 549 404 et
565 359 686 404 certamine
700 367 761 408 esset

92 419 254 482 regnaturus.”
268 427 272 440 '
287 421 356 475 Dein,
375 430 391 452 ‘⁴
404 423 471 482 quod
482 423 630 469 collaudatum
647 439 688 484 pro
705 439 761 470 eon-

92 484 159 538 eione
169 485 309 546 amplissimis
320 484 445 534 decorisset
461 488 541 544 donia3
558 488 637 548 quibus
648 502 676 533 ne
685 488 760 551 indig-

92 561 137 597 nus
153 556 220 602 esset,
237 557 260 596 et
276 550 361 597 dedisse
378 567 467 614 operam
484 551 636 605 Masinissam,
654 559 677 598 et
692 568 763 614 porro,

92 611 197 660 daturum
216 621 271 660 essez
306 615 394 670 Petere,
413 623 438 662 ut
454 616 542 678 regium
559 631 649 669 nomen,
667 625 761 664 caetem-

4 700 8 705 ·
92 689 138 738 que
155 678 264 740 Scipionis
279 679 385 726 beneficia
400 687 423 726 et
438 696 538 734 munera,
563 688 653 727 senatus
668 681 760 728 decreto

91 741 246 789 oonfirmarei:
266 750 296 796 et,
315 745 357 790 nisi
375 747 494 792 molestum
511 753 576 798 esset,
597 745 651 791 iliud
669 761 759 807 quoque

92 812 169 868 peiere
179 807 330 862 Masinissam,
338 817 369 856 ‘ut
379 809 491 857 Numidas
502 811 608 871 captivos,
626 809 663 870 qui
674 810 758 858 Romae

92 869 118 916 in
129 869 229 918 custodii
239 880 320 927 essent,
332 875 477 922 remitterent.
507 873 535 920 Id
543 875 583 920 sibi
594 875 690 936 amplum
699 875 758 938 apud
768 924 769 927 ,

92 935 211 998 populares
220 935 320 984 futurum
332 937 406 985 esse''
434 939 473 986 Ad
483 954 510 986 ea
520 953 650 1000 responsum
660 939 754 1000 legatiss

1 1000 4 1004 “
92 999 208 1046 “Rerum
226 1009 340 1062 gestarum
358 1004 382 1049 in
395 1002 473 1050 Africa
490 1019 595 1065 prospere
614 1019 755 1050 communen

90 1064 132 1110 sibi
143 1079 195 1110 oum
206 1081 260 1127 rege
274 1068 444 1128 gratrdationem
462 1083 518 1114 esse.
553 1069 679 1129 Scipionem
695 1076 757 1116 reete

89 1135 157 1190 atque
168 1129 244 1176 ordine
254 1131 323 1177 videri
333 1131 419 1185 fecisse,
432 1133 492 1192 quod
502 1147 554 1178 eum
569 1148 646 1194 regem
659 1133 756 1194 appelln-

89 1193 163 1250 verit;
176 1200 206 1246 et,
218 1195 323 1255 quidquid
334 1197 392 1242 aliud
399 1196 483 1249 feeerit,
495 1197 556 1257 quod
563 1197 624 1243 cordi
633 1196 692 1243 foret
700 1197 754 1244 Ma·

88 1257 182 1312 sinissae,
191 1273 218 1307 ea
229 1257 308 1306 Patres
319 1262 461 1322 comprobare
471 1268 538 1321 atque
548 1260 663 1308 hudare.”
696 1261 754 1308 Mu-

87 1335 148 1376 nera,
167 1337 218 1382 quae
236 1324 304 1385 legati
322 1324 406 1372 ferrent
417 1326 479 1387 regi,
497 1327 655 1372 decreverunt:
675 1327 754 1387 segida

85 1399 197 1448 purpurea
207 1386 251 1433 duo
261 1403 312 1434 curn
324 1388 395 1436 fibulis
406 1391 478 1436 aureis
486 1391 586 1452 nugulis,
599 1397 622 1436 et
631 1391 677 1438 lsto
688 1391 753 1438 clavo

86 1451 184 1508 tunicis3
194 1459 218 1498 et
226 1467 296 1512 equos
307 1453 351 1500 duo
361 1454 500 1515 phaleratos3
515 1455 567 1500 bina
574 1456 684 1514 equestria
690 1470 754 1502 arma

86 1529 138 1562 oum
152 1515 241 1573 loricis3
260 1525 283 1563 et
297 1518 443 1572 tabernacula,
455 1519 616 1578 militaremque
627 1519 753 1579 supellecti-

85 1579 139 1634 lem,
158 1581 246 1640 qualem
260 1583 353 1642 praeberi
370 1584 455 1629 consuli
471 1599 520 1628 mos
531 1590 596 1629 esset.
632 1582 692 1629 Haeo
702 1584 751 1645 regi

85 1651 170 1707 praetor
185 1646 274 1692 mittere
283 1647 373 1708 Jussus:
392 1647 480 1708 legatis,
498 1647 522 1692 in
533 1647 640 1709 singulos,
654 1647 750 1694 domne

85 1709 162 1756 minus
179 1710 272 1770 quinum
294 1711 395 1764 millium,
421 1712 537 1758 comiulrus
560 1727 637 1758 eorum
656 1712 750 1758 millium

84 1774 192 1831 seris3'et
202 1775 335 1822 vestimenta
348 1776 398 1822 bina
414 1776 501 1838 legatis,
520 1776 608 1837 singula
624 1776 754 1830 comitibus'

83 1837 235 1898 Numidisque
245 1839 283 1899 qui
293 1854 322 1886 ex
333 1839 432 1886 custodis
446 1840 520 1886 emissi
531 1841 674 1886 redderentur
684 1841 746 1904 regi:

84 1903 113 1950 ad
124 1904 167 1949 hoe
175 1903 234 1950 aedes
246 1895 326 1958 liberae}
339 1905 394 1958 loos,
404 1904 479 1958 lautia,
491 1905 571 1966 legatis
581 1905 675 1950 demeto.

106 1965 215 2014 'XVIIL
235 1966 322 2014 Eidem
333 1976 417 2022 aestate,
430 1966 475 2030 quai
492 1970 540 2014 haeo
555 1969 645 2015 decreta
655 1968 746 2022 Romae,

83 2039 108 2080 et
118 2032 142 2077 in
153 2025 231 2078 Africi
241 2040 305 2094 gesta
319 2041 378 2087 sunt,
395 2032 422 2079 P.
435 2033 557 2086 Quintilius
568 2033 643 2080 Varus
657 2025 757 2094 praetor,'
839 2029 843 2033 “

82 2105 107 2146 et
118 2096 155 2142 M.
163 2094 282 2144 Cornelius
292 2098 418 2159 proconsul,
431 2099 454 2143 in
465 2113 520 2158 agro
532 2097 658 2144 Insubrium
667 2097 748 2144 Gallo-

82 2177 134 2210 rum
150 2175 200 2206 cum
212 2161 314 2223 Magone
329 2162 402 2222 Poeno
420 2163 491 2224 signis
508 2162 593 2208 collatis
608 2160 744 2222 pugmlrunt.

82 2226 192 2279 Praetoris
205 2225 305 2286 legiones
321 2228 344 2272 in
360 2225 431 2288 primia
444 2228 492 2274 acie
504 2227 608 2273 fuerunt:
628 2224 747 2273 Cornelius

80 2305 136 2340 suas
146 2291 170 2335 in
181 2291 281 2338 subsidiis
291 2292 369 2344 tenuit,
382 2293 428 2352 ipse
439 2291 467 2338 ad
477 2292 548 2352 prima
558 2292 623 2352 signa
636 2305 693 2350 equo
707 2291 747 2336 ad·

81 2363 175 2405 vectus:
195 2370 278 2416 proque
289 2355 374 2402 duobus
384 2357 487 2401 cornibus
497 2363 580 2416 praetor
590 2371 616 2402 ac
627 2356 748 2416 proconsul

81 2421 165 2469 milites
175 2419 203 2465 sd
213 2419 326 2466 inferenda
335 2421 359 2464 in
370 2421 446 2466 hostes
457 2421 522 2480 signa
532 2418 619 2466 summi
632 2419 655 2465 vi
671 2420 747 2465 horta-

80 2487 169 2534 bantur.
214 2482 335 2545 Postquam
355 2484 409 2529 nihil
425 2485 602 2536 commovebant,
622 2491 670 2529 turn
688 2480 747 2530 Cor·

80 2551 142 2597 nelio
154 2547 290 2606 Quintilius:
312 2555 327 2577 “
339 2547 439 2599 Lentior,
452 2548 556 2600 uirides,
573 2548 599 2593 fit
615 2561 705 2610 pugna3
723 2555 747 2594 et

78 2615 203 2666 induratus
215 2620 297 2674 praeter
307 2627 368 2673 spem
379 2611 509 2664 resistendo,
517 2613 613 2658 hostiurn
622 2614 700 2658 timor:
710 2626 745 2664 ac,

80 2695 111 2731 ue
126 2683 200 2728 vertat
215 2677 238 2726 iu
255 2677 376 2744 audaciam,
395 2676 517 2738 periculum
534 2682 575 2725 esa
592 2676 746 2738 ·Equeatrem
