1850 2917
195 100 226 149 r.
238 74 326 149 srvis
343 100 395 150 aa
410 98 535 148 xxvns.
555 97 615 149 cr».
626 102 666 148 4⁶.
718 104 767 149 soo

96 228 239 279 Hasdmbaie
249 246 299 279 erun
314 229 413 282 exercitu
426 231 500 278 deleto
514 229 603 278 biennio
616 237 674 283 ante,
691 230 767 277 forent

94 296 172 349 laetati,
189 296 209 341 si
219 312 259 357 par
269 296 328 343 aliud
339 297 390 343 inde
399 296 489 349 bellum,
505 295 561 341 duce
572 302 658 341 tantum
670 301 764 349 mumto,

94 360 198 413 oriretur,
211 376 287 406 euram
295 362 410 424 ingentem
418 360 568 407 accenderunt
578 358 688 406 Patribus.
718 356 766 406 Ita·

93 439 138 485 que
146 424 228 473 ,ὀί-Μ.
241 425 331 472 Livium
345 426 501 486 proconsulem
515 438 546 471 ex
557 421 648 471 Etrurii
659 424 766 469 volonum

90 489 217 535 exereitum
227 490 345 535 admovere
353 489 481 535 Ariminum
488 491 611 550 jusserunt,
624 495 647 533 et
659 486 703 534 Cu.
713 487 767 533 Ser-

91 553 251 615 vilio‘praetori
262 554 377 615 negotium
387 553 471 606 datum,
478 560 517 606 'ut,
527 554 548 599 'si
560 569 572 599 e
584 549 704 614 republicis
714 564 767 598 cen·

92 624 153 665 seret
171 633 229 671 esse,
250 620 343 666 urbanas
361 618 469 679 legiones,
489 618 582 679 imperio
601 618 636 663 oui
655 616 768 663 videretur

92 682 154 735 dato,
172 698 202 728 ex
219 682 282 729 Urbe
298 683 348 728 duci
360 684 455 744 juberet.
490 682 526 730 M.
539 681 642 727 Valerius
657 680 767 727 Laevinus

91 747 211 793 Arretium
228 762 265 798 eas
281 747 381 809 legiones
394 746 464 793 duxit.
499 746 592 795 Eisdem
607 746 682 799 diebus
697 760 767 793 naues

91 812 207 859 onerarias
222 812 345 859 Poen'orum
359 811 388 857 ad
402 810 518 871 octoginta
532 811 590 865 drea
603 810 726 863 Sardiniam
737 812 765 857 sb

94 874 141 934 Cn.
156 876 258 929 Octavio,
275 876 313 936 qui
326 876 446 937 provinciae
461 882 563 935 praeerat,
580 882 662 936 captas,
679 872 767 923 Coelius

17 948 24 953 '
91 940 208 988 frumento
216 940 321 990 missoad
329 938 479 986 Hannibalem
487 947 656 999 commeatuque
664 946 765 1000 onustas,

93 1004 203 1051 Valerius
210 1006 308 1066 praedam
316 1004 437 1051 Etruscam
445 1003 600 1065 Ligurumque
607 1012 764 1051 montanorum

102 1070 199 1131 raptivos
210 1068 369 1131 Carthaginem
379 1075 539 1130 perpetrantes,
552 1068 625 1114 tradit.
656 1068 684 1113 ln
696 1068 767 1115 Brut·

103 1135 135 1181 iis
150 1135 205 1180 nibil
218 1134 289 1181 ferme
301 1148 359 1180 auno
370 1150 398 1179 eo
408 1133 550 1179 memorabile
559 1140 655 1194 gestum.
692 1132 767 1178 Pesti-

102 1196 166 1245 antia
179 1200 300 1256 incesserat
313 1199 360 1259 pari
375 1198 437 1244 clade
450 1196 474 1242 in
489 1197 606 1244 Romanos
621 1196 766 1257 Poenosque3

103 1264 141 1309 nsi
151 1264 211 1323 quod
223 1261 333 1309 Punicum
349 1263 477 1315 exereitum,
496 1277 561 1323 super
572 1262 680 1315 morbum,
698 1262 765 1309 etism

102 1324 170 1377 ferres
188 1326 267 1373 affecit.
305 1326 400 1388 Propter
418 1326 515 1374 Junonis
536 1325 635 1373 Laciniae
656 1327 767 1387 templum

103 1399 202 1438 estatem
213 1390 327 1438 Hannibal
337 1392 397 1452 egit3
413 1389 486 1450 ibique
497 1406 556 1437 aram
567 1391 665 1437 condidit
679 1391 768 1437 dedica-

102 1454 183 1513 ritque,
196 1470 247 1503 oum
257 1456 344 1516 ingenti
354 1470 426 1501 rerum
438 1456 465 1500 ab
477 1470 500 1500 se
511 1461 624 1518 gestarum
632 1454 704 1509 titulo,
718 1454 767 1506 Pu-

57 1526 60 1532 '
103 1518 156 1568 uicis
167 1519 298 1584 Graecisque
307 1519 376 1568 literis
386 1519 504 1581 iuscndpto.
