1850 2917
23 2784 58 2815 h

8 2839 91 2877 —b

152 156 202 201 sos
228 218 234 222 Π
253 148 284 199 a.
296 148 385 197 mvn
401 147 454 197 m.
466 142 673 199 xxvtllucrs.
685 151 733 198 rr.-

155 290 216 329 trum
224 280 312 335 faciam,
322 280 402 327 Patres
410 280 540 341 conscripti:
555 288 584 333 et,
598 281 617 326 si
628 278 673 327 ulli
684 278 727 325 alid
738 294 769 333 re,
778 294 830 325 rno-

155 345 227 395 uestit
240 353 307 399 certe,
322 353 345 392 et
355 345 500 406 temperando
511 345 602 406 linguae,
612 346 743 391 adolescens
752 359 830 390 senem

156 412 239 460 vicero.
275 410 312 457 Ita
322 419 345 456 et
355 411 409 464 vixi,
421 417 445 455 et
460 425 496 456 res
511 411 578 471 gessi,
596 417 621 455 ut
638 412 719 456 tacitus
737 406 766 455 eia
781 410 830 469 opi·

155 478 231 530 niune,
246 492 313 535 quam
328 473 403 521 vestri
419 482 499 536 sponte
515 482 647 535 conceptam
664 474 745 521 animis
763 474 830 520 habe-

159 541 221 594 retis,
232 541 297 587 facile
307 547 427 587 contentus
435 538 535 585 essem'’

153 642 156 648 ,
190 604 270 651 XLV.
290 605 370 651 Minus
393 605 462 665 equis
484 605 564 651 animis
585 604 673 651 auditus
691 611 726 650 est
746 604 829 666 Scipio,

151 672 211 731 ·quia
220 670 337 731 vulgetum
348 677 403 722 erat,
417 670 505 730 siapud
518 677 619 715 senatum
630 684 675 715 non
688 670 830 723 obtinuisset,

155 745 183 783 ut
193 736 307 800 provincia
317 734 396 781 Africa
407 735 448 780 sibi
455 734 618 788 decerneretur,
631 734 660 780 ud
670 735 779 796 populmn
790 750 833 781 ex-

157 801 242 863 templo
251 800 362 845 laturum:
381 800 455 860 itaque
468 798 500 853 Q.
515 798 615 853 Fulvius,
632 799 669 859 qui
684 800 766 845 consid
776 816 833 860 qua-

153 872 192 913 ter
211 871 234 911 et
248 880 328 911 censor
345 863 425 916 suerat,
443 864 697 925 postulavitacousule,
716 872 741 909 ut
757 865 832 927 palam
918 856 919 921 }

157 932 182 975 in
199 937 277 976 senatu
297 929 386 982 diceret,
414 936 430 958 “
446 930 614 991 permitteretne
630 928 742 983 Patribus,
762 938 787 975 ut
803 931 833 976 de
918 928 919 953 ³

157 994 277 1057 provinciis
293 993 455 1041 decernerent?
478 1002 618 1055 staturusque
641 1009 668 1039 eo
684 1001 752 1047 esset,
771 994 833 1056 quod

122 1091 125 1094 -
156 1060 304 1112 censuissent,
322 1073 351 1105 au
367 1059 396 1105 ad
408 1060 515 1121 populum
525 1060 611 1105 laturus
618 1057 645 1103 ?'’
681 1056 743 1106 Cum
756 1059 833 1122 Scipio

153 1124 317 1185 respondisset,
335 1139 366 1177 se,
385 1124 468 1184 quode
480 1140 504 1170 re
516 1123 603 1185 publicai
619 1130 685 1176 esset,
700 1122 832 1182 facturum
918 1126 919 1145 ¹

154 1196 208 1235 tum
225 1187 326 1240 Fulvius,
347 1196 362 1217 “
374 1188 429 1234 Non
441 1204 485 1250 ego
495 1189 595 1250 ignarus,
613 1188 665 1250 quid
682 1204 835 1249 responsurus
918 1236 919 1245 ,

157 1252 287 1299 facturusve
297 1268 365 1305 esses,
378 1254 487 1313 quesivi3
505 1254 585 1315 quippe
596 1270 647 1299 cum
661 1269 709 1314 prae
724 1262 748 1300 te
765 1254 833 1309 feras,

153 1324 245 1363 tentare
257 1318 330 1377 magis
346 1332 413 1376 quam
429 1318 546 1364 consulere
563 1326 671 1371 senatum,
690 1326 720 1371 et,
740 1320 763 1364 ni
779 1336 835 1381 pro-
918 1316 919 1379 l

158 1382 254 1428 rincum
271 1381 316 1435 tibi,
333 1398 400 1441 quam
420 1384 524 1436 valueris,
546 1383 658 1443 extemplo
675 1384 833 1439 decernamus,
918 1386 919 1439 ζ

157 1454 257 1509 paratam
268 1448 408 1509 rogationem
424 1449 512 1494 habeas.
549 1446 629 1508 ltaque
640 1462 653 1493 a
663 1448 735 1501 vobis,
749 1449 835 1496 tribuni
918 1452 919 1459 ’

157 1512 235 1574 plebis,
250 1511 366 1574 postrdo,”
387 1512 466 1573 inquit,
489 1519 541 1558 “ut
558 1512 690 1559 sententiam
707 1514 763 1559 mihi
781 1514 835 1562 ideo
918 1504 919 1545 l

158 1592 205 1625 non
217 1577 307 1631 dicenti,
319 1577 385 1638 quod,
401 1578 444 1623 etsi
459 1578 482 1623 in
498 1591 570 1623 meam
587 1578 720 1624 sententiam
731 1578 836 1628 disceda-
918 1614 919 1639 ,

157 1650 202 1693 tur,
219 1656 265 1687 non
283 1642 312 1687 sit
330 1649 403 1687 ratum
420 1643 534 1688 habiturus
552 1642 637 1695 consul,
656 1643 740 1688 auxilio
756 1645 834 1691 sitis.”
918 1640 919 1679 l

159 1705 217 1751 Inde
227 1706 340 1753 altercatio
351 1715 406 1759 orta,
419 1722 471 1753 cum
483 1707 562 1753 consul
570 1715 668 1768 negaret,
679 1724 771 1767 aequum
784 1727 835 1759 esse

152 1771 260 1817 tribunos
278 1771 422 1825 intercedere,
445 1787 490 1832 quo
511 1772 586 1817 minus
606 1788 646 1818 suo
668 1774 763 1835 quisque
780 1776 834 1823 loco
918 1758 919 1791 l

150 1842 247 1881 senator
258 1842 350 1897 rogatus
363 1837 496 1881 sententiam
507 1835 597 1883 diceret
632 1836 727 1883 Tribuni
746 1840 778 1885 ita
793 1842 834 1888 de-
918 1878 919 1895 ,

152 1908 284 1953 creverunt,
307 1900 363 1956 ‘ssSi
384 1900 464 1946 consul
489 1901 575 1947 senatui
594 1902 621 1947 de
640 1903 761 1963 provinciis
780 1922 835 1967 per-
918 1904 919 1953 Ῐ

158 1965 235 2018 mittit,
248 1964 300 2011 stari
315 1981 350 2017 eo,
366 1965 426 2025 quod
439 1972 529 2011 senatus
547 1968 665 2021 censuerit,
681 1968 771 2029 placet;
790 1987 833 2018 nec
918 1992 919 1995 ¹

158 2029 187 2076 de
197 2027 224 2075 eia
235 2045 260 2075 re
267 2029 319 2075 ferri
330 2030 358 2075 ad
366 2030 473 2091 populum
482 2030 604 2091 patiemur:
625 2032 643 2077 si
654 2047 700 2077 non
712 2036 831 2095 permittit,

159 2094 197 2153 qui
216 2093 244 2139 de
265 2091 292 2140 ed
314 2110 339 2140 re
356 2096 489 2141 sententiam
515 2098 625 2142 recusabit
644 2097 724 2157 dicere,
748 2102 833 2149 auxilio
918 2132 919 2139 κ

157 2156 268 2203 erimus.”
303 2157 391 2206 Consul
407 2160 466 2206 diem
483 2160 510 2205 ad
527 2161 698 2222 colloquendum
716 2180 768 2211 curn
784 2168 834 2213 col·
918 2190 919 2205 ,

150 2220 210 2283 ,legia
230 2223 301 2282 petiit.
345 2222 441 2270 Postero
463 2225 499 2271 die
522 2226 654 2286 permissum
677 2232 764 2276 senatui
786 2222 829 2279 est
918 2278 919 2287 ,

151 2285 286 2332 Provinciae
302 2288 333 2331 ita
344 2287 455 2335 decretae:
475 2290 538 2346 alteri
555 2292 640 2337 consuli
658 2292 734 2341 Sicilia
750 2303 772 2342 et
790 2299 833 2343 tri·

150 2349 331 2409 ·gintarostratae
339 2365 480 2413 navesquas
492 2353 520 2402 C.
533 2355 640 2402 Servilius
651 2359 765 2419 superiore
772 2378 834 2413 anno
918 2348 919 2365 ³

150 2413 284 2463 ,habuissetr
303 2415 488 2478 permissumque,
506 2426 531 2465 ut
550 2420 573 2465 in
585 2421 693 2475 Africam,
712 2425 730 2469 si
746 2426 832 2477 idere

149 2474 245 2534 publicis
252 2491 301 2521 esse
312 2489 419 2533 censeret,
433 2485 558 2544 trajiceret:
578 2486 641 2533 alteri
652 2486 738 2534 Bruttii
750 2498 772 2536 et
783 2494 832 2543 bel,

148 2538 204 2611 ,ium
218 2553 269 2583 cum
281 2538 415 2598 Hannibale
431 2563 483 2595 curn
501 2564 528 2595 eo
539 2552 645 2605 exercitu,
660 2568 728 2613 quem
740 2553 769 2601 L.
782 2556 832 2605 Ve-

150 2608 235 2655 ,tunua
252 2610 292 2649 aut
309 2605 341 2659 Q„
352 2606 472 2658 Caecilius:
491 2613 515 2657 hi
531 2621 555 2659 et
571 2617 704 2663 conuentus
721 2619 780 2667 inter
797 2638 829 2681 se,

8 2713 9 2720 χ
98 2687 100 2690 -
149 2676 347 2728 ‚compararentve
362 2679 413 2721 uter
431 2676 454 2723 in
469 2674 571 2741 ‚Bruttiis
590 2681 674 2753 duabus
692 2683 827 2747 legionibus,
