1850 2917
100 171 102 176 -
196 134 640 195 tnmlnuxxrncnmo·
697 139 754 197 Μ

77 264 158 320 consul
168 272 264 322 orestus,
276 282 329 314 cum
338 269 426 316 caeteris
436 268 465 314 sd
476 267 592 314 tutandam
603 265 691 314 Italiam
705 280 746 328 pu*

76 343 127 384 rum
138 330 207 376 enimi
218 337 284 385 esset,
296 340 448 394 transgressus
457 334 482 378 in
493 333 600 386 Afrum,
610 321 698 378 duobus
708 333 746 379 hic

77 394 212 450 exercitibus
222 396 293 450 caesis,
304 398 361 444 binis
372 395 449 442 eddom
465 395 521 443 ιιοιιι
536 397 607 458 captis
625 396 715 442 simul'
709 410 747 441 rn-

76 459 195 518 censisque
205 460 290 536 castris,
308 461 410 522 Syphace
425 463 586 536 potentissimo.
599 476 654 522 rege
669 468 743 534 capto,

76 529 112 568 tot
122 523 213 570 urbibus
224 526 287 585 regni
303 527 359 586 ejru,
376 533 410 571 tot
427 527 497 573 nostri
509 525 595 586 imperii
607 524 695 585 creptis,
706 538 749 570 me

76 587 295 643 sextumdecimum
285 603 332 650 Jsm
343 605 425 637 sunum
437 590 576 636 haerentem'
569 604 593 636 m
603 589 745 650 possessiom

75 641 152 698 Italiae
162 652 285 698 detraxisti.
320 653 399 700 Potest
414 655 538 706 victorium,
552 655 650 713 inquam,
668 653 743 708 maile,

75 731 145 775 quom
156 731 241 777 pucem,
253 719 347 764 animus.
382 717 444 764 Nori
455 719 549 778 spiritns
554 718 628 778 magis
639 732 743 778 magnos,

75 795 143 840 quam
155 781 234 827 utiles.
253 789 277 828 et
287 782 340 827 mihi
352 783 402 828 talis
414 783 532 842 aliquando
545 781 636 828 surmus
651 780 740 828 affidsit.

76 843 148 897 Quod
165 845 183 890 si
203 845 225 890 in
245 847 347 892 secundis
363 848 428 892 rebus
443 848 525 894 bonam
541 861 630 906 quoque
643 852 745 894 mentem

74 909 156 954 dorem
166 908 223 966 Dii;
239 925 285 956 ιιοιι
296 926 322 958 ea
332 912 412 964 solum,
423 926 475 971 quae
483 911 616 962 everristeut,
628 910 667 955 sed
674 911 749 958 etiam·

72 988 110 1026 eu,
121 989 174 1032 quae
190 975 279 1020 evenire
288 982 386 1036 possent,
398 982 559 1036 reputaremus.
592 973 628 1020 Ut
641 975 741 1020 omnium

74 1037 212 1084 obliuiscaris
223 1039 323 1092 aliorum,
344 1041 397 1085 sutis
414 1055 460 1100 ego
477 1039 603 1086 documenti
621 1038 645 1083 in
664 1053 742 1085 ornnes

72 1117 141 1149 casus
152 1117 210 1152 sum.
245 1102 320 1156 Quem
336 1104 410 1156 modo,
427 1105 506 1150 castris
517 1104 576 1149 inter
585 1102 696 1148 Anienem
707 1110 747 1148 st-

72 1181 118 1226 que
126 1167 204 1212 urbem
211 1175 307 1214 vestram
315 1169 400 1229 positis,
412 1166 614 1229 signcinserentem
622 1167 650 1212 sd
657 1167 745 1212 moeniu

72 1229 196 1286 Romanu
212 1232 249 1276 hic
259 1233 338 1286 cernis,
351 1232 436 1278 duobus
447 1231 574 1278 fortissimis
588 1231 649 1283 viris,
666 1230 747 1276 iratri-
836 1245 846 1256 ·

71 1295 122 1348 bus,
137 1295 263 1341 clarissimis
273 1297 447 1357 imperatoribus,
465 1296 574 1349 orbatum,
588 1302 641 1341 sote
656 1295 743 1342 moenis

72 1374 144 1420 prope
155 1360 251 1406 obsessae
261 1362 346 1422 petrice,
364 1361 442 1420 quibus
451 1361 521 1406 terrui
535 1367 633 1406 vestram
651 1360 738 1412 urbem,
816 1363 820 1368 ’

73 1438 153 1485 capro
164 1423 214 1470 med
225 1424 385 1485 deprecantem.
420 1424 532 1481 Maxime
545 1424 626 1482 cuique
640 1422 740 1469 fortusse

73 1488 167 1533 minime
179 1488 312 1534 credendum
328 1496 370 1534 est.
405 1487 434 1534 ln
443 1488 509 1534 bonis
518 1488 563 1534 tuis
573 1489 644 1540 rebus,
656 1487 740 1535 nostris

74 1551 154 1603 dubiis,
170 1553 209 1598 tibi
226 1553 299 1614 ample
314 1568 341 1600 ac
355 1554 454 1614 speciose
469 1552 531 1598 danti
546 1559 581 1599 est
598 1566 657 1613 pen:
675 1550 740 1596 nohis

73 1615 201 1678 petentibus
211 1617 283 1678 magis
295 1618 425 1669 necessaris,
440 1632 506 1676 quam
520 1617 621 1662 honesta.
655 1615 740 1661 Melior

72 1681 188 1740 tutiorque
198 1688 232 1727 est
243 1688 303 1727 certo
312 1697 364 1742 pax,
381 1696 448 1741 quum
463 1689 548 1742 sperata
561 1681 671 1726 uictoria:
689 1679 739 1725 haec

73 1742 155 1797 ιιιιιιιι,
166 1745 205 1791 illa
214 1746 237 1790 in
249 1745 351 1791 Deorum
363 1760 429 1791 manu
446 1752 488 1790 est.
522 1744 562 1790 Ne
578 1752 612 1790 tot
629 1758 740 1790 annornm

72 1807 223 1855 felicitatem'
217 1824 240 1854 ιιι
257 1811 323 1854 unius
336 1811 398 1856 horae
414 1809 500 1855 dederis
518 1809 642 1855 discrimen.
678 1806 739 1855 Cum

72 1879 124 1925 tuas
135 1873 201 1926 vires,
213 1880 262 1918 tum
273 1874 319 1920 uim
330 1873 438 1920 Fortunae
453 1873 598 1939 Martemque
611 1872 662 1919 beili
677 1886 742 1918 com·

73 1951 165 1983 munem
167 1952 282 1998 ,propone
292 1938 372 1984 animo.
408 1927 530 1996 Utrimque
539 1936 630 1989 sermm,
648 1950 742 1997 corporo

72 2001 172 2047 humanu
179 2009 257 2048 erunt:
273 2016 380 2062 nusquam
392 2001 473 2055 minus,
485 2016 552 2060 quern
560 2003 585 2046 ιιι
594 2001 660 2052 bello,
671 2014 741 2046 even·

73 2073 111 2115 tus
122 2066 267 2130 respondent.
298 2065 353 2110 Non
364 2073 450 2112 tantum
461 2065 602 2124 midqnod
618 2062 669 2110 dact
685 2079 741 2124 poce

71 2131 120 2192 ¹iem
131 2130 213 2176 habere
224 2137 295 2191 potes,
314 2145 332 2174 sr
326 2129 426 2191 'proeiio
440 2129 525 2182 vincas,
536 2129 615 2191 gloriae
625 2128 742 2190 &jeceris

73 2201 187 2254 qnantum
195 2194 344 2248 sdenreris'
327 2209 344 2238 sr
362 2193 414 2254 quid
432 2193 520 2239 adversi
536 2193 631 2240 eveniat.
668 2192 741 2238 Simrd

74 2265 140 2320 perta
155 2273 181 2304 sc
192 2265 278 2319 sperato
288 2258 369 2304 decors
377 2257 444 2303 unius
457 2258 521 2304 horae
535 2256 626 2303 fortuna
639 2264 740 2303 euerteoe

74 2329 165 2384 potest.
188 2321 286 2369 Omnia-⁴
280 2336 303 2366 ιιι
311 2338 365 2383 pace
372 2318 489 2384 jungendis
497 2328 544 2368 tuae
553 2321 669 2383 potestatis
677 2328 747 2375 sunt„

75 2385 105 2432 Ρ.
120 2384 225 2434 Corneli:
245 2384 543 2433 tunceshabendnfortuna
552 2387 631 2446 erit‚q
631 2400 682 2432 num
696 2381 738 2430 Dii

74 2449 183 2496 dederint.
219 2449 282 2497 luter
292 2466 362 2512 pauca
370 2449 483 2496 felicitatis
494 2450 627 2528 virtutisqoe
616 2401 741 2526 qexempiq

75 2514 114 2570 M·
124 2516 209 2561 Atilius
225 2516 358 2575 quondum
352 2530 375 2560 ιιι
391 2515 432 2560 hnc
449 2511 526 2560 eadem
542 2511 606 2560 terri.
616 2514 738 2567 fuisset.
720 2531 741 2561 ιι

72 2578 146 2626 vietor
156 2595 233 2641 pacem
241 2580 365 2640 petentibus
373 2578 469 2624 dedisset
478 2577 576 2638 patribus
583 2579 681 2624 nostris
693 2593 740 2627 non

75 2645 199 2704 manendo
216 2644 305 2696 tandem
322 2642 422 2694 felicitati
440 2641 539 2706 ιιιᾳιιιιιι,
559 2657 601 2704 uec
618 2635 746 2708 conitendo,
