1850 2917
182 112 211 164 Τ.
224 106 313 161 L1v11
330 112 383 162 Lu.
397 111 524 161 XXVIII.
544 110 603 163 crs.
618 114 654 159 12.
707 114 753 161 261

86 241 337 305 negligendi-humant
351 245 468 297 occiderat,
486 250 562 291 tamen
577 250 600 289 et
615 241 694 289 hostiis
708 256 757 289 tna·

81 308 166 370 jomus
177 310 299 371 procurari,
318 317 341 356 et
356 308 538 371 supplicationem
552 308 581 353 nd
592 306 671 354 Vestae
682 307 757 355 haberi

84 373 173 435 placuit.
210 373 345 434 Priusquam
355 373 548 435 proficIscerentur
559 372 661 418 consules
672 371 700 417 ad
709 372 758 419 bel·

84 438 137 491 lum,
150 439 233 485 moniti
244 440 271 485 ab
282 445 361 485 senatu
373 445 432 491 sunt,
452 446 467 467 ‘⁶
476 445 501 483 ut
512 438 535 482 ln
546 452 613 499 agros
624 436 756 485 reducenda

83 503 152 565 plebIs
164 520 241 550 curam
250 504 363 551 haberent.
393 502 470 549 Dedin
481 502 619 564 benignitate
629 501 756 547 submotum

83 568 166 614 bellum
181 569 209 614 ab
224 570 278 614 urbe
291 566 397 614 Romani
411 576 434 614 et
445 566 512 613 Latio
527 582 582 619 esse,
599 573 622 611 et
632 581 698 627 posse
710 565 757 613 sine

83 640 145 679 metu
160 632 185 678 in
200 633 261 695 agris
275 634 375 679 habitari.
410 632 508 679 MInime
523 630 649 683 convenire,
667 630 755 685 Siciliae,

83 712 150 757 quam
169 696 250 751 Italiae,
266 698 368 744 colendae
384 699 491 759 majorem
507 712 583 743 curam
601 693 677 741 esse.”
712 695 757 743 Sed

82 778 118 809 res
133 760 303 824 haudqudqunm
318 770 367 809 emt
380 763 463 824 populo
473 761 550 814 facilis,
568 767 591 807 st
601 760 674 807 liberis
684 759 757 807 culto-

84 827 144 874 ribus
154 828 214 874 bello
225 829 339 881 absumis,
357 836 381 874 et
390 826 465 889 inopid
477 826 624 879 servitiorum,
642 831 665 871 et
676 840 756 886 pecore

83 892 178 954 direpto,
191 892 295 953 villisque
305 893 383 940 dirutis
393 903 432 939 sut
442 892 545 939 Incensis.
581 889 670 953 lllagm
680 897 755 937 temen

83 972 135 1019 pers
150 958 285 1004 auctoritate
300 959 417 1004 consulum
433 957 549 1018 compulsa
566 956 588 1001 in
606 970 674 1017 agros
689 955 756 1001 remi·

84 1022 166 1084 gravit.
203 1022 327 1069 Moverunt
334 1031 408 1069 autem
417 1023 509 1084 hujusce
518 1021 548 1067 rei
556 1021 692 1067 mentionem
702 1018 755 1067 Pla·

84 1086 226 1133 oentinorum
234 1096 257 1134 et
265 1086 450 1135 Cremonensium
459 1086 534 1148 legsn',
543 1093 667 1145 querentes,
675 1100 755 1147 agrum

84 1167 150 1198 suurn
165 1152 194 1198 ab
203 1153 285 1198 accolis
296 1152 369 1199 Gallis
378 1152 486 1198 Incursari
496 1166 522 1197 sc
532 1150 620 1201 vestan.
638 1164 756 1212 magnam·-

84 1233 127 1277 que
142 1225 230 1279 partem
247 1217 378 1263 colonorum
394 1232 485 1263 suorum
496 1214 601 1276 dilapsam
613 1230 669 1267 esse,
687 1220 710 1261 et
721 1214 755 1261 In-

83 1281 214 1342 irequentes
228 1296 253 1327 se
267 1282 338 1335 urbes,
357 1296 435 1342 agrum
448 1288 536 1327 vastum
552 1296 577 1327 sc
591 1280 704 1327 desertum
715 1280 755 1326 hs·

84 1347 142 1393 bere.
180 1346 285 1393 Mamilio
303 1347 394 1407 praetori
413 1345 548 1398 mandatum,
566 1353 592 1391 ut
611 1344 708 1401 colonitts
728 1346 755 1393 nb

3 1437 4 1472 r
85 1412 149 1458 toste
160 1419 267 1457 tueretur.
304 1409 755 1457 Comulesexsemrts-consultoentxe·

3 1479 4 1500 ³
84 1485 143 1530 runt,
161 1483 195 1529 ut,
213 1476 252 1536 qui
262 1476 323 1522 cives
332 1473 496 1524 Cremonenses
507 1482 573 1535 utque
585 1473 708 1521 Placentini
720 1489 756 1521 es·

84 1549 140 1594 sent,
164 1548 219 1587 ante
237 1548 320 1587 certam
338 1540 396 1587 diem
416 1541 438 1585 in
458 1540 557 1586 colonias
576 1541 752 1585 rev'erterenturz

83 1606 194 1667 principio
204 1606 285 1652 deinde
295 1606 354 1651 veris
364 1612 388 1652 et
397 1606 439 1666 ipsi
453 1604 482 1651 sd
495 1604 577 1651 bellum
587 1602 682 1665 profecti
693 1610 752 1649 sunt.

85 1670 116 1725 Q,
127 1669 236 1719 caecilius
246 1671 326 1717 consul
336 1670 458 1717 exercitum
469 1670 496 1716 ab
509 1667 536 1717 C.
548 1668 647 1722 Nerone,
666 1666 695 1715 L.
707 1667 755 1714 Ve-

83 1737 155 1785 turius
172 1736 200 1782 ab
220 1734 252 1788 Q„
270 1733 364 1783 Claudio
383 1742 520 1797 propraetore
538 1734 629 1795 accepit,
648 1732 756 1793 novisque

82 1801 196 1853 militibus,
206 1816 264 1861 qnos
274 1801 321 1862 ipse
332 1801 499 1861 conscripserat,
512 1798 627 1860 supplevit.
654 1796 682 1843 In
692 1797 755 1846 Con-

79 1865 197 1913 sentinum
215 1880 295 1927 agrurn
310 1866 413 1913 consules
430 1865 552 1911 exercitum
569 1863 686 1921 duxerunt,
705 1877 756 1924 pas·

83 1932 172 1992 simque
182 1930 317 1992 depopuuu,
334 1946 385 1977 cum
396 1944 478 1991 agmen
485 1931 533 1991 jam
547 1942 616 1987 grave
630 1924 705 1989 praedi
720 1942 756 1973 es·

83 2004 125 2051 ret,
142 1997 166 2043 in
179 1996 237 2043 saltu
248 2002 345 2057 angusto
355 2011 369 2042 a
379 1994 476 2041 Bruttiis
487 1992 688 2055 jaculatoribusque
703 1990 756 2037 Nu·

80 2062 149 2109 'midis
169 2061 252 2107 turbati
271 2068 338 2117 sunt;
360 2060 392 2106 its
409 2068 435 2105 nt
454 2074 500 2105 non
519 2057 601 2119 preda,
619 2056 658 2101 sed
676 2056 756 2103 armati

84 2142 173 2189 qnoque
184 2126 207 2171 in
218 2125 316 2186 periculo
330 2124 420 2171 fuerint.
457 2124 534 2185 Major
548 2130 622 2168 tamen
637 2122 754 2175 tumultus,

82 2208 150 2253 quam
160 2204 246 2253 pugna,
262 2189 317 2235 fuit:
337 2199 367 2244 et,
378 2186 494 2251 praemissd
505 2184 587 2249 praedit,
600 2186 722 2233 Incolumes
732 2193 756 2233 et

83 2258 185 2319 legiones
196 2255 220 2301 in
231 2255 281 2301 locs
291 2261 340 2301 tuts
350 2252 448 2301 evasere.
484 2252 540 2299 Inde
553 2253 576 2297 in
587 2250 692 2297 Lucanos
703 2266 756 2312 pro-

81 2320 148 2369 fecti:
169 2335 196 2367 es
211 2320 259 2366 siue
270 2320 392 2367 certunine
402 2326 451 2365 tota
460 2334 517 2381 gens
528 2318 551 2363 in
562 2316 669 2363 ditionem
680 2314 756 2377 populi

82 2385 183 2433 Romani
194 2384 265 2431 rediit.

115 2449 178 2499 xli.
199 2447 259 2497 Cum
276 2448 404 2496 Hannibale
420 2447 476 2493 nihil
492 2440 519 2493 eo
537 2461 595 2493 anno
615 2446 646 2491 rei
665 2452 755 2507 gestum

3 2503 4 2538 ³
82 2523 130 2563 ests
144 2530 199 2561 nam
210 2528 283 2575 neque
293 2515 341 2575 ipse
351 2530 376 2560 se
387 2513 466 2559 obtulit
476 2512 500 2557 in
511 2519 556 2557 tam
569 2511 653 2559 recenti
664 2511 756 2557 vulnere

80 2580 172 2643 publico
184 2580 324 2642 privatoque,
342 2593 416 2637 neque
431 2576 577 2623 lacessierunt
591 2576 691 2635 quietum
706 2572 756 2618 Ro·

81 2647 155 2697 mani:
176 2651 261 2693 tantm
276 2645 350 2691 inesse
363 2643 418 2697 vim,
435 2641 479 2687 etsi
493 2640 569 2686 omnis
579 2639 622 2686 alia
632 2639 690 2685 circa
700 2650 756 2685 eum
