1850 2917
178 165 227 211 na
290 159 319 209 r.
333 157 421 208 arvu
436 159 489 220 nn„
503 157 587 207 xxv.
606 155 666 208 cn.
679 153 734 204 n:

109 275 111 282 Α
178 292 236 345 dere.
257 303 317 338 arma
335 305 427 353 propere
442 305 520 352 capere
538 288 626 343 militer,
646 294 670 335 et
687 285 759 334 efferri
778 284 850 348 signs«

174 357 244 420 jubet·
280 354 402 402 Instruenti
413 357 534 402 exercitum
546 355 623 400 decem
637 351 713 399 effluis
727 352 789 412 equis
803 352 845 397 ad-

178 421 254 468 volant
262 435 291 467 ex
299 421 395 466 hostiurn
403 420 449 466 acie
457 418 571 472 Numidae,
580 418 714 470 nuntiantes,
726 416 848 478 populares

178 499 238 539 suos,
258 485 353 547 primum
371 482 398 530 ei
416 483 523 530 seditione
540 489 621 536 motos,
641 479 686 542 qui
702 480 797 529 trecenti
813 493 844 526 ex

179 563 271 598 numero
283 563 323 596 auo
334 548 483 594 concesserint
496 547 637 598 Heracleam,
653 546 704 592 dein
713 545 774 605 quod
784 559 846 606 prae-

177 613 260 662 fectum
278 629 341 660 suurn
356 613 383 659 ab
399 613 570 659 obtrectantibus
585 611 676 657 ducibus
691 610 770 672 gloriae
785 609 844 670 ejus,

177 679 219 726 sub
229 679 298 740 ipsam
310 677 434 724 certaminis
446 676 511 729 diem,
519 676 651 736 'ablegatum
666 674 762 726 videant,
779 673 845 732 quie-

178 750 241 789 turos
251 743 274 787 in
284 739 366 803 pugni.
395 741 458 788 Gens
466 739 532 786 Fallax
539 739 641 801 promissi
649 738 715 784 iidem
723 738 842 799 praestitit:

177 806 251 866 itaque
266 815 289 853 et
306 805 413 852 Romania
429 805 500 851 crevit
515 805 608 857 mimus,
625 803 704 849 nuntio
720 802 786 848 celeri
802 817 846 864 per

179 871 267 918 ordines
285 871 360 923 misso,
384 869 512 915 destitutum
533 870 561 914 ab
581 868 654 928 equite
674 868 761 912 hostem
783 881 843 920 ease,

179 949 245 996 quem
261 935 357 980 maxime
372 934 503 980 timuerant:
524 940 548 979 et
563 933 633 978 territi
648 932 730 984 hostes,
747 937 845 992 praeter-

178 1013 244 1060 quarn
260 999 319 1059 quod
332 995 428 1044 maximi
441 1005 504 1059 parte
517 997 597 1043 virium
613 1011 701 1043 suarum
716 1010 762 1040 non
774 996 845 1058 jura-

178 1063 264 1116 hantur‚
278 1063 357 1108 timore
367 1062 433 1108 etiam
443 1063 539 1114 incusso,
555 1076 584 1106 ne
594 1062 621 1106 ab
632 1075 672 1106 suo
682 1067 707 1106 et
715 1059 756 1120 ipsi
767 1060 847 1120 equite

179 1134 364 1189 oppugnarentur.
400 1124 480 1186 Itaque
490 1125 549 1172 baud
559 1125 634 1187 magni
645 1125 771 1170 certaminis
782 1123 841 1170 luit:

178 1192 262 1254 primus
277 1191 438 1250 clarueratque
452 1190 548 1252 impetus
562 1205 608 1236 rem
619 1189 723 1234 decreuit
756 1187 845 1234 Numi·

179 1255 221 1310 dae,
237 1271 287 1302 cum
298 1256 321 1300 in
333 1268 441 1300 concursu
451 1255 518 1315 quieti
529 1254 642 1300 stetissent
651 1253 675 1297 in
690 1251 800 1305 combrus,
817 1261 845 1299 ut
884 1245 887 1254 ¹

179 1326 243 1381 terga
259 1320 335 1365 dantes
352 1334 403 1366 suos
419 1318 527 1372 viderunt,
543 1317 605 1380 fugae
621 1325 707 1364 tantum
722 1331 845 1378 parumper

179 1381 345 1436 cumberland,
362 1389 479 1444 postquam
495 1397 572 1428 omnes
588 1382 740 1444 Agrigentum
754 1381 844 1442 trepido'

179 1448 267 1510 agmine
277 1455 377 1509 petentes
385 1448 494 1500 viderunt,
506 1447 547 1508 ipsi
557 1453 619 1492 metu
630 1446 748 1492 obsidionis
758 1447 843 1506 passim

178 1512 202 1560 in
213 1511 312 1559 civitates
322 1513 434 1574 proximas
444 1511 527 1573 dilapsi.
562 1510 638 1557 Multa
647 1510 715 1556 millia
724 1511 843 1556 hominurn

178 1585 373 1689 &diffidati
387 1575 637 1702 &aalma
646 1574 706 1685 in
719 1574 844 1700 tm

178 1705 249 1758 rediit·
283 1703 334 1752 Jem
345 1703 415 1751 ferme
424 1706 447 1750 in
458 1705 519 1751 exitu
530 1719 601 1750 annus
613 1711 673 1750 erat:
691 1704 765 1764 itaque
776 1718 844 1750 sena·

177 1775 215 1815 tur
231 1769 312 1816 Romae
328 1769 431 1822 decrevit,
451 1775 477 1815 ut
493 1768 520 1814 P.
535 1767 652 1816 Cornelius
667 1775 750 1828 praetor
765 1767 845 1815 literas

179 1831 278 1895 Capuam
290 1833 318 1880 ad
328 1833 429 1879 consules
439 1835 551 1889 mitteret3
568 1832 620 1877 dum
636 1831 749 1878 Hannibal
761 1834 844 1893 procul

177 1898 270 1952 abesset,
291 1911 332 1944 nec
348 1898 392 1944 ulla
406 1898 483 1958 magni
499 1896 629 1942 discriminis
645 1911 679 1942 res
695 1895 722 1941 ad
738 1894 843 1957 Capuam

176 1969 298 2024 gereretur,
310 1962 456 2014 altereorum,
470 1961 526 2007 siita
534 1961 650 2012 rideretur,
663 1961 690 2006 ad
698 1960 849 2022 magistratus

177 2027 329 2088 subrogandos
340 2025 436 2072 Romam
447 2026 540 2070 veniret.
575 2023 657 2071 Literis
667 2024 769 2086 acceptia,
780 2024 844 2072 inter

177 2105 202 2137 se
216 2092 318 2136 consules
332 2088 493 2151 compararunt,
510 2097 536 2134 ut
550 2087 658 2137 Claudius
671 2087 760 2134 comitia
769 2089 844 2200 &a

177 2160 243 2208 neret,
256 2153 349 2200 Fulvius
360 2155 387 2200 ad
399 2152 498 2214 Capuam
509 2160 614 2199 maneret.
647 2151 758 2201 Consules
813 2169 842 2200 u-

176 2217 226 2266 dius
241 2218 322 2264 meavit
340 2217 499 2265 Caluisium
516 2216 672 2265 Centrnnalurn
687 2224 711 2263 et
726 2215 753 2263 P.
765 2216 843 2279 Sulpi-

176 2283 236 2329 cium
248 2282 319 2329 Servii
329 2281 397 2327 filium
409 2283 511 2333 Galbam,
523 2281 656 2342 quinullum
666 2289 731 2327 antea
741 2283 843 2328 curulem

213 2425 253 2458 me
269 2425 295 2456 us
389 2424 422 2463 us,
464 2440 471 2454 .
519 2425 558 2456 rne
574 2425 600 2456 us

176 2473 253 2535 picino,
264 2471 292 2522 C·
303 2471 435 2534 Calpurnius
444 2472 505 2520 Piso.
533 2473 609 2521 Pisoni
617 2425 739 2537 jurisllr'gcutlb
748 2474 841 2529 urbam,

177 2537 275 2599 Sulpicio
294 2535 374 2590 Sicilia,
395 2534 499 2599 Cethego
515 2537 604 2600 Apulia,
624 2537 722 2585 Lentulo
739 2537 842 2586 Sardinia

174 2599 257 2712 gueni&
292 2599 427 2650 Consulibus
439 2610 583 2665 prorogatum
596 2604 619 2650 in
630 2617 712 2650 annum
722 2602 842 2666 inperium
