1850 2917
152 101 213 181 ‘ree
272 131 301 182 r.
315 132 404 183 mvn
421 99 600 183 nm'xxvrs
620 129 679 182 c...
693 131 717 178 e.

167 259 253 324 plebem
263 263 341 320 latum,
358 264 488 328 plebemque
502 264 600 317 scivisse,
618 268 650 315 ut,
667 259 741 322 quood
750 258 833 306 bellum

167 327 191 372 in
202 325 268 375 Iulia
277 337 343 384 esset,
361 345 390 376 ex
404 330 438 384 iis,
455 331 494 391 qui
509 329 611 376 eonsules
625 326 726 378 fuissent,
744 339 800 385 quos
810 331 836 371 et

168 391 255 452 quoties
272 394 346 449 vellet,
364 395 474 441 reficiendi
491 394 594 440 consules
610 391 693 454 populo
705 391 745 452 jus
759 395 834 456 essets

168 458 338 520 exemplumque
348 473 396 506 earo
407 459 430 504 in
441 475 488 506 rem
503 475 528 505 se
541 459 622 504 habere
631 462 697 502 vetus
707 453 736 500 1.
752 452 837 518 Postu·
906 498 907 505 ,

168 520 208 566 mii
222 518 325 585 Megelli,
343 525 380 585 qui
396 525 494 570 interrex
508 524 536 569 iis
546 521 649 574 comitiis,
666 534 717 580 quae
732 519 781 580 ipse
795 519 837 565 hs-

167 586 258 639 buisset.
274 589 353 634 consul
367 603 418 635 cum
430 587 458 636 C.
469 587 539 636 Junio
549 586 652 633 Bubulco
662 590 751 630 creatus
761 591 837 640 esset3
907 598 908 601 ’

168 665 246 698 recens
257 650 288 705 Q.
300 651 369 706 Fabii,
385 653 422 713 qui
437 653 477 698 sibi
492 651 615 698 continuari
629 648 777 702 consulatum,
794 648 839 694 nisi

167 715 195 760 id.
206 715 265 762 bono
281 717 368 777 publico
384 717 453 769 lieret,
474 715 574 778 proiecto
589 728 703 774 nunquam
719 711 837 759 ἁνίκα)

168 779 215 825 His
226 781 360 828 orationibus
371 797 422 828 cum
433 781 471 827 diu
481 787 589 826 certatum
600 786 666 832 esset,
680 784 796 839 postremo
807 778 840 825 ita

166 844 226 891 inter
241 844 370 892 dictatorem
387 861 413 892 ac
429 846 529 892 tribunos
545 844 656 897 convenit,
677 849 703 888 ut
718 858 754 896 eo,
774 842 839 903 quod
910 842 911 849 ’

168 909 290 956 sensuisset
300 918 397 965 senatus,
409 917 512 957 staretur.
547 908 650 955 Patribus
660 907 839 968 idtenpusrei-
911 916 912 929 ¹

166 973 261 1034 publicae
270 974 343 1020 visum
354 982 395 1028 est,
409 982 434 1020 ut
443 990 484 1036 per
493 981 580 1020 veteres
587 980 611 1020 et
618 980 728 1034 ertpertos.
740 969 840 1033 bellique
912 976 913 997 ³

166 1036 250 1098 peritos
260 1037 403 1100 imperatores
414 1054 449 1086 res
460 1039 546 1100 publica
553 1044 681 1100 gereretur:
698 1036 775 1096 itaque
785 1051 840 1082 mo-
913 1066 914 1087 .

166 1115 214 1147 ram
230 1099 278 1147 fieri
294 1104 390 1149 comitiis
406 1118 451 1150 non
467 1104 560 1165 plaeere.
596 1100 778 1150 Concedentrisus
796 1103 840 1147 tri·

166 1165 238 1219 suros,
254 1167 435 1214 comissimus
472 1163 839 1218 Decumaconsueumuus
914 1156 915 1163 ’

166 1229 283 1277 Maximus
304 1233 412 1292 quintum,
437 1231 470 1286 Q.
490 1231 583 1278 Fulvius
605 1230 699 1277 Flaccus
720 1237 836 1289 quartum.
915 1254 916 1259 =

166 1293 279 1341 Praetores
289 1296 341 1343 inde
351 1298 426 1350 creati,
439 1296 468 1342 L.
477 1295 586 1343 Veturius
597 1294 670 1348 Pano,
685 1293 715 1340 Τ.
726 1293 840 1347 Quintius

166 1356 291 1420 Crispinus,
313 1359 341 1410 C.
356 1361 471 1408 Hostilius
485 1360 594 1414 Tubulus,
616 1359 644 1408 C.
657 1359 837 1407 Aurunculeius.

166 1421 336 1485 Magistrstibus
347 1425 370 1472 in
381 1441 464 1474 annum
475 1426 561 1479 mestis,
578 1425 609 1479 Q.
620 1423 714 1470 Fulvius
725 1423 838 1473 uentura

165 1502 190 1534 se
204 1487 319 1538 abdicavit.
355 1490 466 1538 Extremo
481 1491 564 1537 estatis
577 1491 643 1552 hujus
658 1489 734 1535 classis
747 1487 839 1538 Punica

165 1552 256 1599 navium
267 1555 418 1617 quadraginta,
431 1571 482 1602 cum
492 1555 599 1617 praefecto
610 1553 740 1600 Hamilcare
747 1553 771 1598 in
780 1555 839 1601 Sar.

165 1616 247 1664 (liniam
258 1620 356 1682 trajecta,
369 1619 497 1667 Olbiensem
507 1621 586 1682 primo,
602 1619 659 1672 dein,
675 1626 792 1680 postorum
804 1621 838 1667 ibi

164 1679 194 1726 P.
205 1681 306 1730 Manlius
316 1682 390 1730 Vulso
400 1692 484 1746 praetor
494 1701 545 1731 cum
556 1684 654 1731 exercitu
666 1683 773 1745 apparuit,
790 1683 838 1730 ‹ir-

164 1753 266 1793 cumacta
281 1747 333 1794 inde
348 1748 376 1794 ad
392 1749 485 1796 alterum
501 1750 580 1796 insulae
596 1749 661 1801 latus,
679 1746 836 1797 Caralitanum

164 1823 244 1872 agrum
254 1814 357 1867 vastavit,
371 1821 394 1860 et
405 1828 455 1859 cum
466 1812 542 1876 praedri
552 1814 625 1860 omnis
635 1812 724 1874 generis
734 1813 757 1858 in
768 1812 838 1860 Afri-

164 1889 213 1921 cam
225 1877 295 1924 rediit.
331 1877 463 1926 Sacerdotes
475 1879 573 1925 Romani
588 1895 615 1924 eo
629 1891 688 1923 anno
699 1878 781 1923 mortui
792 1879 837 1925 ali-

164 1948 225 2000 quot,
236 1941 370 2004 suffectique.
386 1942 413 1992 C.
424 1944 531 1990 Servilius
538 1941 638 2004 pontifex
644 1941 717 1988 factus
724 1941 748 1987 in
755 1942 836 1991 locum

164 2002 193 2049 T·
207 2003 296 2053 Otacilii
313 2007 405 2066 Crassi3
427 2007 465 2054 Ti.
482 2007 625 2068 Sempronius
641 2005 678 2052 Tr.
692 2005 720 2052 F.
734 2005 836 2070 Longus

162 2081 236 2129 augur
249 2069 321 2118 factus
335 2074 358 2118 in
373 2074 446 2119 locum
463 2071 492 2118 T.
505 2071 592 2119 Otacilii
609 2070 697 2119 Crassi:
719 2070 838 2120 decemvir

161 2132 215 2178 item
230 2136 298 2182 sacris
312 2135 426 2191 faciundis,
444 2137 554 2183 inlocum
569 2135 605 2182 Tr.
620 2136 745 2196 Sempronii
758 2134 787 2184 C.
800 2136 832 2184 F.

162 2193 245 2260 Inungi,
258 2198 295 2246 Tr.
305 2201 449 2264 Sempronius
459 2201 496 2248 Tr.
506 2200 533 2247 F.
544 2200 639 2262 Longus
650 2198 762 2246 suffectus.
791 2200 831 2248 Μ.

161 2259 264 2310 Marcius
280 2279 319 2311 rex
334 2281 445 2313 sacrorum
461 2273 562 2312 mortuus
576 2274 617 2319 est,
635 2273 658 2311 et
673 2264 709 2312 M.
722 2264 835 2314 AEmilius

162 2321 238 2389 Papus
251 2329 360 2376 maximus
371 2331 447 2378 curio:
466 2346 538 2392 neque
548 2331 572 2376 in
582 2346 660 2382 eorum
670 2329 744 2376 locum
756 2345 835 2378 sacer·

162 2387 226 2436 dotes
237 2407 264 2439 eo
275 2408 334 2440 anno
345 2395 436 2442 suffecti.
467 2396 500 2442 Et
511 2411 614 2443 censores
625 2395 661 2441 hic
670 2409 743 2441 mnus
753 2395 834 2446 babuit

162 2451 193 2498 L.
207 2453 326 2503 Veturium
346 2457 472 2514 Philonem,
492 2469 515 2507 et
535 2459 562 2507 P.
581 2459 694 2507 Licinium
711 2458 832 2516 crassum,

161 2519 283 2567 maximum
297 2522 432 2584 pontificem.
468 2523 564 2574 Crassus
579 2525 679 2572 Licinius
693 2540 735 2572 nec
749 2528 833 2588 consul

159 2595 202 2657 περ
212 2592 299 2659 Ιρῐεῐοτ
311 2595 362 2635 ante
373 2588 453 2644 fuerat,
471 2604 537 2650 quam
550 2606 629 2638 censor
643 2598 678 2637 est
691 2589 776 2637 facus:
799 2605 832 2638 ex

159 2646 264 2698 aurate
274 2652 368 2715 gradum
379 2654 408 2706 ad
417 2667 534 2704 censuram
543 2653 604 2704 iecit.
633 2654 712 2706 seru
723 2667 831 2704 censores
