1850 2917
139 120 170 163 lo
256 114 286 165 Τ.
301 113 389 165 LIVII
405 114 458 163 Lm.
473 113 571 163 XXIV.
590 113 651 165 Car.
665 118 691 163 8.

137 244 229 301 landon
248 245 326 307 quibua
337 240 419 300 ιειιιιι,ι
430 247 528 293 honores
541 244 631 299 offertio,
643 255 729 291 moram
739 243 809 292 auru

138 308 233 369 offerret,
251 312 271 357 is
288 312 342 357 mibi
359 326 437 373 parum
453 311 581 358 meminisse
597 310 709 357 videretur
725 316 810 356 veatrae

138 376 257 423 libertatis:
278 376 317 423 aed
327 390 378 421 cum
389 376 412 421 in
427 376 470 421 hoc
483 376 548 429 bello,
567 376 590 420 in
606 376 650 421 hoc
664 376 736 428 boote,
748 388 810 419 nun-
833 397 839 407 «

138 455 204 501 quam
216 442 243 488 ab
254 440 299 487 ullo
311 441 367 487 duce
378 441 425 487 aine
436 441 530 516 ingenti
539 437 616 486 nostrai
630 440 692 486 clade
710 444 809 485 erratum

140 506 176 558 ιιι,
189 503 266 551 eidem
278 522 319 552 voa
333 502 393 558 curi,
409 502 470 566 qub'
464 519 487 549 m
498 506 568 551 aciem
578 505 657 551 armati
667 503 810 557 ιισισπιῶιιε,

138 569 194 616 inire
205 569 335 633 suffragium
351 569 379 615 ad
395 569 502 617 creandos
517 569 621 615 consuler
634 569 708 623 tlecet,
725 575 749 615 et
767 568 811 613 aibi

140 635 208 695 aicq
194 650 303 697 quemque
328 634 434 688 ὥσπε,ι
447 632 568 681 Hannibali
586 634 723 696 imperatori
731 642 810 694 parem

139 700 254 745 consulem
266 697 375 745 nomino)
409 698 463 745 Hoc
478 714 538 745 anno
554 698 583 745 ad
598 696 699 775 Capuam
709 696 810 745 Jubellio

38 796 51 820 .,
139 763 236 811 Taureae
248 763 363 826 Carnpano
374 778 462 810 summo
477 764 545 825 equiti
560 764 691 838 provocanti
706 775 810 809 aummua

139 828 258 875 Romanoa
265 842 332 889 eques
343 828 433 875 Asellus
443 827 552 877 Claudius
562 835 597 874 eat
607 828 728 904 oppoaitus.
757 826 810 874 Aa·

140 908 219 941 veraua
231 894 329 947 Gallum,
339 893 450 953 quondam
459 894 632 956 provocantem'
625 907 649 938 m
659 899 728 954 ponte
736 892 811 939 Anie-

141 959 182 1012 nis,
194 957 223 1003 Τ.
234 957 354 1011 Manlium,
365 956 471 1004 fidentem
481 958 586 1004 etanimo
595 957 715 1010 etviribus‚
728 954 812 1004 mirere

81 1029 83 1033 '
141 1023 236 1097 majores
254 1023 332 1068 nostri.
376 1022 412 1069 Ob
430 1023 531 1070 eamdem
550 1037 638 1069 canaam
657 1022 717 1068 baud
733 1021 813 1069 multis

140 1087 204 1133 arrius
214 1094 266 1148 post
274 1086 344 1133 luisse
354 1101 399 1133 non
410 1088 546 1149 negaverim,
562 1103 603 1133 cur
613 1086 649 1133 Μ.
661 1086 752 1133 Valerio
763 1100 811 1132 non

141 1152 282 1205 diffideretur,
300 1151 404 1199 advertus
421 1152 521 1198 similiter
530 1158 690 1213 provocantem
700 1166 762 1197 arma
772 1166 811 1198 ca-

140 1216 209 1279 pienti
221 1216 312 1263 Gallum
323 1216 351 1263 ad
362 1223 481 1263 certamen.
517 1216 712 1270 Quemadmodum
722 1216 810 1277 pedites

87 1282 91 1288 ’
129 1282 269 1342 'equitesque
280 1288 389 1342 optamus,
401 1287 428 1327 ut
437 1281 592 1335 validioreaai
607 1281 688 1334 minua,
705 1287 731 1326 ut
745 1296 810 1342 parea

140 1346 200 1391 boati
208 1346 326 1393 habeamus
335 1362 342 1403 ;
357 1346 389 1391 ita
399 1346 450 1391 duci
459 1346 558 1393 bostium
567 1360 644 1407 parem
653 1345 810 1407 imperatorem

142 1424 275 1471 quaeramua.
311 1408 378 1463 Cum,
393 1411 430 1471 qui
445 1418 480 1457 eat
495 1414 597 1457 summu'a
612 1411 635 1456 in
650 1410 740 1456 civitate
753 1410 808 1465 (lux,

142 1490 194 1521 eum
213 1474 349 1537 legerimua3
375 1482 450 1521 tamen
469 1482 560 1537 repente
579 1476 657 1527 lectur,
680 1474 704 1519 in
725 1486 809 1521 annum

142 1546 235 1593 creatus,
248 1540 354 1587 adversus
364 1546 462 1586 veterem
475 1556 501 1587 ac
512 1547 642 1602 perpetuum
652 1539 809 1600 imperatorem

142 1605 310 1665 comparabitur,
328 1604 394 1651 ιιιιιιιι
411 1617 483 1665 neque
498 1606 604 1667 temporie
618 1619 689 1665 neque
701 1604 760 1667 juria
774 1606 810 1650 ia-

142 1668 229 1718 cluaum
244 1670 360 1731 angustiis,
380 1670 499 1729 quominus
516 1670 549 1715 ita
565 1670 640 1716 omnia
656 1676 721 1730 gerat
739 1669 810 1715 almis

141 1733 271 1794 nistretque,
284 1741 308 1780 ut
319 1741 419 1795 tempora
425 1734 569 1797 postulabunt
578 1735 643 1781 belli:
662 1733 726 1780 nobia
733 1741 809 1780 autem

142 1798 281 1861 inapparatu
295 1800 351 1861 ipso,
369 1814 395 1846 ac
409 1806 496 1845 tantum
507 1800 661 1846 inchoantibus
677 1813 720 1852 rea,
737 1814 810 1845 annua

141 1862 305 1927 circumagitur.
336 1864 457 1919 Quoniam,
469 1864 545 1925 quales
552 1866 613 1911 viror
623 1878 698 1909 creare
706 1878 747 1909 vos
755 1879 810 1910 con-

143 1929 202 1976 aules
213 1930 297 1984 deceat,
310 1930 362 1977 ratis
371 1937 405 1976 eat
415 1929 516 1986 dictum;
533 1937 608 1983 restat,
620 1935 646 1974 ut
655 1928 761 1990 paneade
770 1929 809 1982 eir,

142 1993 166 2039 in
185 2008 240 2054 quoa
261 1994 416 2055 praerogativae
436 1994 501 2041 favor
518 1994 639 2050 inclinavit,
659 1994 739 2039 dicam.
773 1992 812 2039 Μ.

143 2056 249 2105 AEmilius
260 2058 364 2118 Regillus
374 2057 455 2105 flamen
467 2066 502 2105 est
513 2056 642 2113 Quirinalis,
660 2073 727 2119 quem
738 2072 810 2119 neqm

143 2114 235 2167 mittere
243 2123 270 2169 ab
285 2123 449 2183 saeuamque
466 2124 562 2170 retinere
577 2138 704 2185 possumus,
720 2130 747 2168 ut
763 2137 809 2168 non

143 2184 221 2233 Dellm
232 2194 271 2233 aut
280 2186 331 2232 belli
342 2187 470 2239 deseramus
484 2203 567 2234 curam.
603 2187 712 2235 Otacilius
728 2188 810 2233 sororia

143 2261 200 2297 meae
209 2247 277 2298 filiam
286 2266 386 2303 uxorem.
400 2259 422 2297 at
422 2268 465 2312 que
473 2267 502 2298 ex
510 2268 536 2298 ea
525 2250 634 2306 liberos,
645 2253 722 2299 babet·
741 2255 809 2298 oete·

143 2330 193 2361 rum
209 2330 254 2361 non
271 2331 298 2361 ea
314 2324 389 2363 vestra
407 2317 429 2361 ιιι
446 2332 483 2362 me
498 2320 637 2391 majoreaque
650 2331 713 2362 meoa
730 2316 809 2362 merita

143 2386 202 2432 aunt,
215 2386 296 2426 utnon
309 2382 417 2441 potiorem
433 2376 526 2441 privatio
541 2379 738 2427 neceaaitudinibua
750 2395 809 2426 rem·

142 2443 251 2505 publicam
263 2446 361 2491 babeam
397 2444 497 2498 Quilibet
514 2453 630 2491 nautarum
649 2452 809 2505 vectorumque

142 2508 260 2567 tranquillo
269 2524 324 2555 marr
317 2510 458 2571 'gubernare
468 2516 555 2585 potest:
574 2510 611 2556 ubi
622 2524 682 2556 aaeva
692 2516 742 2555 orta
752 2516 807 2555 tem·

142 2578 216 2633 pertas
231 2581 272 2627 eat)
284 2588 311 2619 ac
321 2576 408 2621 turbato
423 2574 479 2620 mari
494 2575 577 2636 rapitur
590 2581 659 2621 vento
673 2575 744 2626 navis,
760 2580 808 2619 tum

141 2635 190 2683 ιιιο
201 2644 224 2685 et
234 2639 382 2701 gubernatore
396 2652 452 2700 opua
469 2646 510 2686 eat.
546 2638 601 2686 Nou
614 2638 733 2699 tranquillo
746 2638 808 2685 navi·
