1850 2917
179 139 228 189 ἴδε
282 142 312 190 Τ.
326 142 415 191 LIVII
430 143 483 192 Ln-
498 139 608 191 XXVII.
625 139 739 191 cisse.
778 157 799 225 ἰ

177 271 319 333 linitum,
342 243 422 321 ‹lerltro
442 274 605 327 Romanorum,
632 273 715 320 neutris
735 268 843 333 suspectis

178 337 238 396 quod
251 338 307 383 nihil
321 340 383 385 silvae
399 354 470 399 neque
484 338 512 384 ad
526 338 614 383 insidias
628 338 760 385 latebrarum
774 336 843 382 habe-

176 402 236 447 bant
272 402 301 448 In
311 404 384 449 medio
394 418 480 463 campo,
498 404 525 449 ab
539 403 669 449 stationibus
679 408 843 463 procursantes,

177 467 304 521 certamina,
316 468 375 514 haud
385 468 438 513 satis
446 467 514 529 digna
522 466 588 519 dictu,
601 468 708 513 serebant.
737 464 765 511 Id
775 464 843 511 modo

177 530 306 579 Romanum
322 548 422 592 quaerere
438 532 561 593 apparebat,
579 546 608 576 ne
624 532 683 577 abire
699 532 787 577 bostem
801 544 843 591 pa·

177 602 268 641 teretur.
303 596 424 650 Hannibal,
441 597 493 641 inde
505 596 599 643 evadere
609 596 707 657 cupiens,
725 594 779 641 totis
789 594 844 640 viri-

177 660 252 705 busin
261 662 330 707 aciem
339 661 489 707 descendebat.
508 660 569 706 Tum
576 661 660 713 consul,
673 660 765 721 ingenio
773 658 845 708 hostia

178 738 238 776 usus,
251 728 295 783 quo
306 726 379 771 minus
389 726 412 771 in
423 733 469 785 taur
480 726 560 786 apertis
571 724 663 771 collibus
673 724 746 770 timeri
756 723 844 771 insidiae

177 794 286 848 poterant,
296 790 393 851 quinque
403 791 512 842 cohortes,
525 789 602 835 additis
610 790 706 850 quinque
714 788 842 849 manipulis,

179 854 332 914 nocteJ'ugum
343 869 452 915 superare,
465 862 488 899 et
498 854 521 898 in
532 855 615 899 aversis
626 854 717 901 vallibus
728 852 846 899 considere

175 918 252 977 jubet:
272 925 359 978 tempus
373 918 507 979 exsurgendi
518 933 547 963 ex
557 918 647 971 insidiis,
665 926 688 963 et
698 916 845 979 aggrediendi

179 980 273 1032 bostem,
291 980 328 1026 li.
340 980 458 1029 Claudium
470 982 571 1029 Asellum
586 983 697 1029 tribunum
712 982 809 1027 militurn
819 987 846 1027 et
919 994 920 1029 i

180 1041 208 1091 P.
221 1042 338 1091 Claudiurn
349 1046 478 1106 praesectum
490 1047 573 1093 socium
585 1048 669 1100 edocet,
686 1060 806 1107 quoscum
816 1046 846 1093 iis
919 1030 920 1081 i

178 1108 285 1153 mittebat
328 1109 381 1171 Ipse
398 1112 449 1157 luce
466 1109 537 1171 primi
555 1112 628 1171 copias
647 1126 724 1157 omnes
742 1110 846 1171 peditum
919 1114 920 1135 ³

178 1173 321 1234 equitumque
331 1176 355 1220 in
366 1176 435 1221 aciem
446 1175 528 1223 eduxit.
564 1173 635 1221 Paulo
643 1175 764 1237 postetab
777 1173 847 1221 Hans
919 1216 920 1243 ,

176 1236 250 1286 ruibale
266 1240 354 1299 signum
371 1255 454 1301 pugnae
468 1240 604 1301 propositum
620 1247 661 1293 est,
677 1240 806 1299 clamorque
820 1240 847 1289 in
919 1246 920 1293 ξ

178 1302 360 1349 castrisaderma
367 1304 536 1350 discurrentium
547 1312 581 1350 est
592 1304 702 1350 sublatus:
715 1302 768 1350 inde
776 1318 848 1363 eques

176 1365 288 1427 pedesque
298 1368 399 1414 certatim
409 1370 480 1430 portis
491 1384 560 1432 ruere,
577 1384 604 1414 ac
614 1369 679 1429 palati
689 1383 729 1430 per
739 1380 848 1429 campum
919 1392 920 1424 ;

177 1445 293 1492 properare
303 1433 331 1478 ad
340 1434 423 1479 hostes.
459 1432 524 1487 Quos
539 1432 575 1478 ubi
589 1430 670 1479 effusos
680 1432 759 1479 consul
774 1432 848 1487 ridet,
919 1432 920 1487 ξ

176 1495 265 1541 tribuno
282 1497 377 1543 militum
392 1498 464 1543 tertiae
479 1497 573 1559 legionis
591 1494 619 1545 C.
632 1497 788 1543 Aurunculeio
801 1497 849 1542 im·

176 1566 245 1620 perat,
270 1567 295 1605 ut
314 1562 398 1621 equites
416 1562 518 1623 legionis,
542 1570 624 1622 quanto
642 1562 740 1607 maximo
758 1561 848 1623 impetu

176 1625 254 1684 possit,
271 1624 295 1669 in
312 1626 399 1670 hostem
414 1626 514 1673 emittatt
534 1634 550 1655 ‘⁴
561 1626 598 1680 ita,
614 1641 720 1687 pecorum
731 1626 800 1671 modo
810 1627 849 1673 in-
919 1664 920 1685 ,

178 1688 320 1748 compositos,
338 1696 386 1735 toto
403 1690 485 1751 passim
503 1705 581 1751 campo
596 1706 620 1736 se
632 1690 722 1744 fudisse,
740 1691 849 1741 utstemi
919 1705 920 1743 l

176 1752 296 1812 obterique,
308 1754 435 1814 priusquam
446 1755 589 1807 instruantur,
601 1753 713 1816 possint.”
919 1754 920 1807 J

210 1815 292 1863 XLII.
312 1816 420 1864 Nondum
433 1816 547 1865 Hannibal
564 1834 577 1865 e
592 1820 668 1865 castris
682 1820 773 1874 exierat,
791 1834 848 1869 curn
919 1864 920 1889 ,

176 1882 324 1943 pugnantium
344 1884 462 1929 clamorem
481 1883 577 1929 audivit:
603 1885 683 1943 itaque,
700 1886 788 1931 excitus
806 1892 849 1935 tu-
919 1890 920 1893 ’

175 1946 256 1999 multu,
274 1948 353 2008 raptim
370 1948 398 1993 ud
414 1949 502 1993 hostem
517 1948 590 2008 copias
604 1949 657 2009 agit.
691 1948 744 1998 Jam
758 1950 847 2011 primo·

176 2019 323 2072 occupaverat
341 2020 443 2072 equester
460 2018 545 2058 terror:
570 2013 667 2073 pediturn
685 2015 753 2061 etiam
771 2016 847 2075 primo
919 2016 920 2049 i

174 2075 235 2134 legio
253 2083 276 2120 et
295 2075 372 2121 dextra
391 2078 425 2123 sla
443 2077 546 2137 proelium
566 2078 656 2123 inibant.
695 2076 845 2140 Incompositi
919 2084 920 2099 ³

174 2139 258 2190 hostes,
271 2146 296 2184 ut
306 2155 417 2200 quemque
427 2148 465 2187 aut
475 2141 543 2201 pediti
554 2148 593 2187 aut
602 2143 669 2201 equiti
680 2158 744 2189 casus
753 2143 843 2196 obtulit,

177 2202 209 2246 ita
227 2211 348 2247 conserunt
366 2220 451 2251 manus.
488 2203 575 2253 Crescit
593 2221 669 2267 pugna
687 2208 796 2261 subsidiis,
820 2216 846 2259 et
919 2244 920 2253 ,

174 2266 352 2323 procurrentium
370 2268 399 2313 ad
417 2277 529 2315 certamen
547 2284 639 2317 numero
656 2279 763 2333 augetur:
783 2288 845 2333 pug-

175 2335 298 2386 nantesque
314 2330 384 2389 (quod
400 2332 442 2377 nisi
457 2333 484 2377 in
496 2340 571 2379 vetere
585 2334 690 2387 exercitu,
708 2342 731 2382 et
742 2335 794 2381 duci
804 2352 845 2384 vo·
919 2334 920 2345 ¹

175 2391 217 2434 teri
232 2391 291 2435 haud
305 2390 369 2438 facile
384 2393 429 2453 est)
444 2397 504 2442 inter
518 2398 637 2443 tumultum
652 2412 678 2443 ac
689 2406 796 2445 terrorem
807 2400 845 2449 in·

176 2454 293 2498 struxisset
312 2453 432 2512 Hannibal,
450 2460 474 2505 ni
493 2461 617 2507 cohortium
635 2476 662 2507 ac
679 2463 843 2524 manipulorum

175 2515 338 2564 decurrentium
357 2536 396 2580 per
415 2523 483 2569 colles
502 2526 593 2578 clamor,
616 2526 644 2571 ab
661 2533 726 2587 tergo
745 2528 843 2581 auditus,
919 2536 920 2539 ’

175 2584 267 2631 metum,
280 2594 309 2625 ue
319 2581 517 2633 intercluderentur
528 2604 542 2635 a
552 2590 636 2641 castris,
647 2589 766 2650 injecisset.
786 2590 845 2639 Inde

173 2655 243 2701 pavor
257 2643 366 2701 incussus,
382 2657 407 2696 et
420 2649 477 2712 fuga
490 2653 573 2714 passim
587 2652 635 2701 ficri
647 2660 722 2717 coepto
731 2662 779 2705 eat:
789 2656 844 2723 xnui?
