1850 2917
187 192 218 244 Τ.
233 192 322 244 LIVII
337 190 391 246 Lm.
405 193 503 246 XXIV.
523 195 584 249 cu.
599 204 637 251 15.
718 198 750 256 tt

74 323 182 375 ὤμω
217 324 258 374 De
270 342 299 374 eo
312 328 444 390 permistum
458 331 500 393 ipai
515 339 569 384 erat,
583 331 673 388 fawel,
689 336 751 396 quod

74 408 89 439 e
103 390 220 454 republicri
235 392 327 439 duceret
342 408 397 441 esse.
433 393 514 455 Itaque
527 397 596 458 priua,
613 413 680 459 quam
697 416 749 448 cum

74 456 142 504 noue
158 469 252 503 manum
268 466 401 512 consereret,
416 462 560 520 pronuntiet3
581 470 597 491 ‘⁴
608 470 696 525 tempus
709 480 751 513 va·

1 574 2 579 ¹
74 522 136 567 nisae
152 522 186 568 eis
200 522 315 576 libertatis,
333 538 399 583 quam
416 526 453 571 diu
470 524 601 587 speriaaent,
619 528 746 589 potiundaee

73 593 167 648 postero
178 586 216 633 die
226 587 298 647 siguis
309 588 394 637 collatu
403 588 556 637 dimicaturum
565 607 622 653 puro
630 608 656 639 ac
663 594 750 656 patenti

73 666 163 713 campo,
185 652 223 697 ubi
240 652 289 697 aine
306 652 352 699 ullo
370 653 497 701 insidiarum
516 664 578 703 metu
597 655 650 704 vari
666 660 749 707 virtute

72 716 123 777 geri
134 732 172 763 ree
182 722 268 778 posset.
305 717 351 770 Qui
362 726 428 779 caput
441 720 513 765 hostia
527 722 645 776 retulisset,
661 738 713 771 eum
724 736 749 773 ae

73 781 191 843 extemplo
206 781 301 827 liberum
311 782 426 843 jussurum
441 798 504 830 esee:
523 785 561 845 qui
573 786 623 833 loco
636 788 747 844 cessisset,

71 845 161 893 ineum
173 846 249 891 servili
261 846 368 907 supplicio
378 849 589 896 anunadveruuum.
620 852 688 900 Suam
700 854 748 901 cui-

70 926 115 971 que
128 910 248 956 lnrtuuarn
263 910 286 955 in
301 925 369 957 manu
383 928 445 959 ease:
467 914 573 961 uterum
586 924 699 964 auctorem
714 919 748 965 eit

71 990 117 1021 non
129 990 156 1021 ae
167 974 217 1021 iure
228 975 308 1028 nolum,
325 976 363 1022 aed
373 978 489 1025 consulem
499 978 536 1025 Μ.
547 980 689 1036 Marcellum,
706 983 746 1029 aed

70 1040 191 1087 universos
203 1038 298 1096 Patres3
315 1056 378 1101 quoe,
394 1044 511 1093 connrltoa
524 1046 551 1090 ab
565 1060 590 1092 ae
603 1044 631 1092 de
646 1048 747 1095 libertate

71 1120 159 1159 acrum,
182 1104 223 1151 sibi
242 1105 394 1166 permisisse·”
427 1106 517 1154 Literm
535 1110 587 1157 inde
605 1113 702 1159 consulit
719 1126 746 1159 ac

71 1169 305 1217 cenatus-consultum
322 1171 429 1233 recitavit.
464 1172 503 1219 Ad
521 1188 573 1234 quaa
591 1175 675 1223 clamor
692 1192 745 1225 cum

71 1234 160 1297 ingenti
180 1250 273 1281 naseuau
292 1242 327 1281 eat
345 1237 450 1284 sublatus.
491 1236 594 1300 Pugnant
615 1243 744 1301 poscebant,

73 1300 209 1361 signumque
232 1307 256 1345 ut
278 1295 340 1346 daret
361 1301 481 1363 extemplo,
502 1302 606 1351 ferocuer
623 1306 742 1353 instabunt.

1 1410 2 1413 ,
73 1364 201 1418 Gracchus,
212 1364 292 1426 proelio
303 1366 451 1429 inposterum
460 1368 517 1413 diem
526 1370 676 1430 pronuntiato,
688 1386 745 1418 con-

74 1428 160 1475 cionem
172 1429 263 1475 dimisit.
290 1428 376 1477 Milites
387 1431 440 1483 laeti.
452 1433 564 1494 praecipue
571 1435 649 1495 quibua
657 1449 744 1483 marcet

1 1510 2 1529 ι
74 1500 161 1540 navatae
171 1496 195 1540 in
204 1509 274 1540 uuum
283 1494 341 1541 diem
351 1511 424 1557 operae
431 1498 520 1543 libertas
527 1499 663 1553 suturamt,
675 1501 744 1548 armi·

75 1559 216 1621 expediendis
227 1559 286 1620 quod
297 1560 405 1620 reliquum
416 1569 558 1609 consumunt.

105 1622 162 1671 XV.
179 1622 276 1670 Poatero
284 1624 326 1678 die,
339 1626 375 1671 ubi
384 1626 572 1689 aignacoeperunt
580 1644 665 1682 canere,
677 1630 744 1691 primi

76 1690 173 1735 amrium
181 1690 251 1751 parati
262 1689 408 1750 instructique
417 1690 446 1737 ad
455 1693 585 1753 praetorium
596 1695 739 1741 conveniunt

76 1753 127 1801 Sole
144 1760 203 1807 orto,
228 1754 345 1801 Gracchus
363 1755 386 1799 in
405 1756 476 1802 aciem
494 1758 569 1818 copim
587 1759 675 1813 educita
700 1774 742 1806 uec

74 1818 148 1865 hontea
158 1834 244 1865 moram
256 1819 373 1866 dimicandi
382 1820 491 1867 lecerunt.
524 1822 612 1869 Decem
623 1831 646 1869 et
656 1831 741 1886 neptem

75 1883 141 1929 miliia
150 1884 249 1945 peditum
261 1892 330 1937 erant,
343 1883 440 1931 maximi
450 1900 480 1932 en
489 1894 552 1947 parte
562 1886 645 1934 Bruttii
655 1904 682 1935 ac
690 1888 741 1935 Lu·

76 1949 135 1999 caui:
154 1950 240 2009 equitet
250 1948 311 1995 mille
322 1950 424 2007 ducenti3
441 1951 501 1998 inter
514 1967 570 2011 quoa
583 1953 648 2013 pauci
662 1953 740 1999 admn-

75 2011 125 2059 'drun
140 2011 219 2067 Italici,
236 2014 311 2060 caeteri
326 2013 433 2061 Numidae
446 2015 494 2062 iere
506 2031 591 2069 omnen,
609 2016 738 2078 Maurique·

76 2074 202 2140 Pugnatum
217 2084 251 2125 est
262 2084 285 2125 et
295 2079 375 2125 acriter
385 2087 407 2127 et
418 2080 462 2125 diu.
499 2080 603 2135 Qrutucr
613 2082 674 2129 horu
684 2095 740 2129 neu-

75 2148 109 2189 tro
123 2144 227 2189 inclinata
242 2150 277 2190 cat
292 2158 380 2206 pugnet
406 2160 447 2191 nec
463 2146 506 2191 alia
520 2146 593 2207 magia
609 2146 739 2194 Romanum

75 2208 201 2270 impediebat
218 2224 260 2262 res,
279 2224 344 2269 quam
361 2210 432 2271 capita
447 2210 545 2256 hostium
559 2212 630 2273 pretia
643 2209 739 2264 libertati

1 2310 2 2331 ,
74 2272 140 2319 facta:
156 2288 215 2327 nem,
229 2280 254 2319 ut
264 2274 357 2334 quiaque
367 2274 452 2321 hostem
461 2275 557 2338 impigre
564 2277 681 2330 occiderat,
693 2276 739 2339 pri·

75 2349 133 2384 mum
149 2339 219 2399 capite
235 2352 297 2400 aegre
312 2339 370 2384 inter
385 2340 472 2386 turbarn
489 2341 653 2401 mmrrltumque
668 2341 738 2389 abach

75 2402 143 2449 dendo
157 2410 246 2464 tempus
262 2404 359 2450 terebat:
384 2405 470 2458 deinde,
487 2404 595 2469 occupati
611 2403 688 2452 dextri
703 2412 738 2453 to·

75 2468 143 2515 nendo
153 2474 226 2529 caput,
241 2467 376 2514 fortissimus
389 2470 482 2531 quiaque
495 2477 670 2531 pugnatorem
680 2470 737 2517 ded·

74 2540 130 2579 erat:
149 2533 253 2595 regnum
267 2548 294 2579 ac
307 2533 389 2580 timidis
402 2534 568 2597 traditapugna
577 2541 632 2581 erat·
667 2534 738 2588 Quod

75 2600 107 2645 uli
117 2598 197 2645 tultum
204 2599 300 2645 militum
309 2598 414 2645 Graccho
422 2599 588 2652 nuntiaverunt,
602 2605 617 2628 “
624 2599 737 2644 nentium

55 2664 58 2669 ’
75 2665 217 2727 umtmjam
227 2664 340 2711 vulnerari
350 2664 451 2721 hostem
466 2657 737 2741 mmificarijloenmffi

75 2730 95 2779 in
107 2730 188 2779 denuit
201 2730 297 2777 militum
312 2744 356 2793 pru
365 2729 446 2791 gladiis
457 2729 556 2839 hingem
567 2727 639 2789 equa
653 2736 716 2772 etate

466 2806 480 2838 c
