1850 2917
176 125 225 171 268
273 118 407 171 T.L1V11
423 118 477 171 Lu
492 120 616 171 XXVIII.
635 118 694 172 Gar.
707 124 747 171 17.Ι

173 258 220 299 tem
239 266 329 314 quoque
346 268 410 301 suam
429 252 568 301 obedientem
584 254 680 307 haberet,
698 266 752 301 cum
771 251 851 315 paucis

173 318 316 379 popularibus
325 319 349 364 in
360 318 461 365 Africam
473 319 572 381 trajecit3
590 334 635 365 non
651 325 698 365 tam
708 318 812 365 evidenti
823 334 849 365 ea

174 388 276 444 tempore
293 384 372 430 subitae
388 384 518 430 mutationis
535 381 608 437 causa
626 399 693 445 quam
710 384 849 432 documento

172 454 225 557 post
235 448 259 494 id
268 455 357 511 tempus
371 448 558 495 constantissimae
573 448 600 495 ad
615 449 716 495 ultimam
734 455 849 496 senectam

190 511 232 565 dei,
245 527 274 559 ne
285 520 333 558 tum
340 513 430 573 quidem
441 528 493 559 eum
505 514 553 560 sine
562 514 667 575 probabili
678 511 747 561 causa
757 513 844 560 fecisse.

173 574 249 639 Mago
263 578 322 630 inde,
340 578 438 624 remissis
452 579 480 625 ab
493 577 634 625 Hasdrubale
649 580 751 633 navibus,
770 578 847 626 Gades

173 641 237 702 petit
273 640 364 695 Ceteri,
382 643 463 689 deserti
480 644 507 689 ab
524 643 621 697 ducibus,
639 658 690 705 pars
705 642 847 697 transitione,

174 721 225 767 pars
235 704 298 768 tuga,
310 707 408 769 dissipati
419 708 582 769 per‘proximas
592 708 694 756 civitates
704 716 773 756 sunt:
788 708 849 755 nulla

174 785 254 817 manus
273 786 367 819 numero
385 778 424 819 aut
440 773 523 819 viribus
540 774 640 835 insignis.
676 772 732 820 Hoc
749 773 849 820 maxime

174 835 249 889 modo,
267 836 337 883 ductu
347 844 413 897 atque
427 838 525 899 auspicio
541 836 568 883 P.
583 838 700 901 Scipionis,
717 839 778 899 pulsi
790 836 849 885 His·

174 898 240 961 pauit
255 898 452 964 Carthaginienses
468 910 534 960 sunt;
551 904 703 950 tertiodecimo
718 918 781 949 anno
797 908 850 964 post

173 964 256 1011 bellum
273 966 369 1023 initum;
385 968 471 1028 quinto,
489 982 555 1029 quam
571 966 598 1013 P.
618 968 691 1029 Scipio
706 968 847 1029 provinciam

167 1036 197 1075 et
207 1030 331 1077 exereitum
342 1032 433 1093 accepit⁴
470 1031 540 1079 Haud
547 1033 618 1079 multo
629 1041 680 1093 post
691 1034 790 1085 Silanus,
808 1033 848 1079 de-

166 1094 278 1141 bellatum
290 1096 395 1150 referens,
407 1096 559 1144 Tarraconem
570 1098 597 1144 ad
609 1098 736 1159 Scipionem
748 1098 822 1143 rediit.

206 1158 291 1206 XVII.
311 1160 396 1208 Lucius
412 1162 494 1223 Scipio,
511 1178 562 1209 cnm
577 1162 653 1209 multis
667 1162 779 1209 nobilibus
794 1178 846 1225 cap-

172 1224 232 1278 tivis,
250 1227 343 1272 nuntius
354 1235 449 1288 receptae
461 1226 579 1289 Hispaniae
590 1226 688 1274 Romam
699 1234 734 1275 est
745 1229 842 1275 missus:

171 1296 258 1335 etcum
266 1292 342 1337 caeteri
349 1290 426 1337 laetitia
432 1290 549 1353 gloriaque
559 1292 645 1354 ingenti
653 1307 702 1338 eam
714 1308 763 1339 rem
774 1292 845 1355 vulgo

170 1352 261 1406 ferrent,
280 1370 345 1409 unus,
363 1356 401 1416 qui
417 1364 525 1418 gesserat,
543 1356 680 1418 inexplebilis
696 1358 788 1404 virtutis
805 1373 844 1405 ve·

170 1432 248 1479 raeque
257 1420 335 1474 laudis,
352 1436 445 1483 parvum
455 1421 526 1469 instar
536 1436 621 1475 eorum,
631 1437 681 1484 quae
693 1437 732 1484 spe
743 1438 770 1469 ac
778 1438 843 1485 mag-

164 1483 271 1533 nitudine
284 1486 351 1532 animi
362 1487 506 1549 concepisset,
525 1494 623 1549 receptas
639 1486 763 1549 Hispanias
775 1487 842 1535 duce·

169 1548 214 1595 bat.
249 1549 302 1598 Jam
316 1550 424 1605 Africam,
442 1567 591 1613 magnamque
603 1550 772 1614 Carthaginem,
785 1560 809 1601 et
819 1553 842 1599 in

164 1627 236 1660 auum
251 1615 318 1662 decus
333 1631 459 1678 nomenque
470 1617 531 1663 velut
542 1624 718 1664 consummatam
729 1619 780 1681 ejus
790 1618 841 1667 belli

168 1678 264 1739 gloriam
279 1682 398 1741 spectabat
434 1679 519 1742 Itaque,
538 1682 707 1743 praemoliendas
723 1683 765 1730 sibl
780 1690 841 1731 ratus

164 1742 213 1805 jam
229 1759 271 1797 res,
289 1745 483 1806 conciliandosque
498 1760 575 1807 regum
587 1747 733 1808 gentiumque
743 1748 839 1802 animos,

161 1807 295 1870 Syphacem
309 1809 405 1870 primum
420 1825 496 1871 regern
509 1812 585 1857 statuit
595 1818 688 1859 tentare
724 1811 840 1873 Masaesy-

167 1871 240 1919 lorum
258 1874 277 1920 is
295 1889 333 1919 rex
350 1882 404 1921 erat.
439 1874 565 1935 Masaesyli,
582 1891 639 1937 gens
653 1875 726 1923 affinis
740 1876 838 1931 Mauris,

165 1936 190 1983 in
206 1939 320 2001 regionem
336 1938 461 2001 llispaniae,
480 1940 576 1985 maxime
591 1939 688 2000 quisita
698 1939 770 1987 Nova
781 1940 839 1990 Can-

83 2046 86 2051 .
166 2002 236 2064 thago
247 2012 288 2056 est,
306 2011 414 2065 spectent.
449 2002 535 2051 Foedus
546 2002 572 2051 ed
583 2011 716 2066 tempestate
726 2006 776 2067 regi
787 2022 839 2053 cum

167 2064 388 2129 Carthaginiensibus
403 2075 457 2124 erat,
476 2069 536 2129 quod
552 2070 611 2115 haud
625 2070 717 2131 gravius
734 2070 755 2117 ei
774 2086 839 2119 sano·

164 2128 261 2190 titusque,
278 2148 345 2192 quam
356 2134 426 2195 vulgo
436 2134 539 2187 barbaris,
552 2134 630 2194 quibus
641 2149 670 2181 ex
679 2133 773 2182 fortunia
782 2152 839 2197 pen·

163 2192 203 2239 det
220 2194 282 2249 fides,
301 2204 361 2243 ratus
377 2197 433 2251 fore,
451 2206 562 2245 oratorem
580 2199 608 2245 ad
624 2214 676 2246 eum
695 2197 723 2249 C.
737 2198 838 2247 Laelium

163 2272 215 2304 cum
234 2259 298 2306 donis
315 2262 391 2307 mittit.
427 2262 515 2316 Qraibua
532 2265 636 2310 barbarus
652 2264 726 2318 laetus,
743 2272 767 2311 et
785 2266 838 2327 quia

159 2337 200 2368 res
216 2330 264 2369 tum
279 2340 391 2387 prosperae
406 2327 487 2388 ubique
502 2327 619 2383 Romanis,
637 2326 716 2376 Poenis
731 2330 755 2376 in
771 2328 837 2378 Iulia

163 2386 271 2441 adversae,
288 2389 312 2433 in
323 2389 434 2451 Hispania
449 2392 517 2439 nullae
528 2394 576 2455 jam
592 2401 661 2448 erant,
679 2394 800 2441 amicitiam
811 2411 836 2443 se

162 2448 319 2498 Romanorum
338 2455 438 2516 accipere
455 2458 547 2505 annuit:
566 2458 681 2506 tirmandae
699 2460 748 2522 ejus
766 2459 834 2507 fidem

86 2569 89 2575 Ι
162 2528 205 2560 neo
216 2514 269 2562 dare
279 2531 321 2563 nee
331 2519 436 2580 accipere,
455 2522 497 2569 nisi
509 2524 578 2570 cumi
594 2540 619 2570 so
630 2538 704 2571 coram
716 2525 774 2573 duce
784 2525 835 2573 Ro-

161 2591 236 2624 mano.
271 2578 308 2627 Ita
319 2580 412 2637 Laelius,
429 2585 487 2633 inid
498 2541 593 2635 model

139 2647 235 2713 'tutum
245 2644 429 2704 adrenmmfore,
442 2650 687 2725 adscipionemrediit.
716 2654 833 2719 Magnum
917 2708 918 2711 ,

593 2589 620 2635 de
630 2589 658 2635 ab
668 2604 722 2653 rege
733 2588 830 2653 accepti,
917 2584 918 2635 ξ
